2932 5452
159 375 177 414 x
623 340 831 396 conrnune

159 510 244 575 Nam
273 510 323 575 vel
355 507 560 592 apertissima
588 503 806 593 obscuravit1)
834 509 869 571 et
900 505 1146 588 simplicissima
1170 526 1228 591 pro
1252 504 1288 569 in·

165 616 283 683 auditis
306 612 462 702 habuit-fl)

249 723 397 807 Denique
434 722 519 805 apml
552 720 784 805 Alciphronem
817 720 1061 806 Luciauumque
1095 718 1163 809 (vel
1197 721 1293 806 polim

160 828 492 914 Pseudo-Luciauum)
522 853 603 913 qnae
631 852 702 893 cum
732 828 927 893 Truculento
955 830 1141 895 consentire
1167 830 1188 895 'a
1214 851 1239 895 a
1262 850 1294 892 ex

161 961 276 1025 graeco
300 939 368 1003 eiua
392 938 567 1021 exemplari
591 960 744 1021 expressa
768 960 837 1002 esse
855 936 1005 1022 indicavi,
1028 937 1136 1003 solido
1154 960 1220 1005 non
1236 960 1294 1023 per-

161 1049 248 1112 suasi
273 1048 404 1112 censori.
412 1044 439 1132 ³)
486 1048 575 1123 Quae
598 1052 708 1113 tamen
732 1070 804 1112 cum
827 1047 913 1112 inter
945 1047 1029 1111 alios
1062 1051 1097 1112 et
1128 1044 1295 1112 llitaelrelio

161 1156 340 1240 placuerint
368 1159 400 1218 et
422 1154 558 1220 Lehrsio
586 1155 785 1221 ‘addubitari
815 1176 880 1220 non
907 1153 1019 1238 posse’
1042 1155 1115 1221 visa
1138 1152 1220 1234 aiut,
1242 1152 1296 1217 hoc

161 1264 232 1347 loco
257 1262 403 1326 iteranda
427 1261 517 1344 duco,
542 1263 659 1346 quippe
679 1285 752 1327 curn
771 1262 821 1326 vel
840 1263 874 1326 iu
893 1261 1096 1327 emendanda
1114 1259 1226 1327 fabula
1241 1280 1296 1323 non

161 1370 289 1435 inutilia
313 1392 382 1435 esse
406 1372 496 1433 ratus
521 1370 590 1433 sim.

249 1477 361 1561 ltaque
385 1477 419 1541 in
443 1477 629 1541 Simalionis
655 1476 852 1559 Petalaeqne
880 1475 1001 1540 mutuis
1029 1474 1184 1558 epistulis
1205 1470 1234 1560 (l
1253 1472 1294 1539 35.

161 1582 219 1670 36)
243 1607 308 1648 non
336 1585 430 1648 modo
455 1584 624 1649 Simalioui
653 1584 764 1648 eadem
789 1605 859 1647 erun
884 1582 1064 1647 Diniarcho
1087 1582 1235 1649 condicio
1254 1584 1293 1644 eat

160 1694 198 1756 τὸ
222 1692 374 1758 πολλάκις
399 1694 451 1757 ἐπὶ
473 1693 529 1756 τὰ(
553 1693 650 1770 θύραι
675 1694 792 1770 φοιτᾶν
816 1692 866 1754 καὶ
889 1695 956 1755 τοῖς
980 1691 1202 1769 πεμπομένοις
1226 1689 1292 1767 πρὸ(

161 1912 280 1966 meiston
291 1911 457 1980 Fragmenta
471 1909 564 1963 finden
579 1907 639 1961 sich
654 1908 725 1962 auch
741 1908 778 1962 im
788 1909 971 1964 'Pmculentns
991 1909 1082 1965 selbot
1099 1910 1180 1965 uiclrt
1195 1908 1290 1975 wieder,

160 1992 228 2047 aber
248 2008 277 2044 es
291 1993 398 2060 geudgt·
411 1990 478 2054 ihm,
499 2006 579 2043 worm
599 1988 659 2043 siah
678 1989 723 2043 dia
739 1990 924 2059 Mdglichkcit
941 1991 1071 2060 augeben
1089 1992 1169 2060 lauat,
1187 1990 1245 2045 dara
1258 1988 1289 2042 in

162 2071 304 2140 Originale
337 2072 386 2124 dea
414 2069 492 2124 'linc
522 2069 583 2123 cino
612 2070 706 2123 uolclrc
736 2070 822 2125 Stolle
851 2070 931 2125 haara
958 2070 1143 2125 vorkommen
1174 2068 1288 2125 konnen?

162 2149 276 2217 Quodsi,
296 2154 445 2219 autequam
472 2149 605 2205 iudicium
632 2149 686 2203 sibi
711 2149 872 2218 adrogaret,
897 2167 943 2204 eae
965 2150 1078 2205 fabulae
1097 2150 1288 2220 pertractasset,

157 2237 279 2300 'qrrorum
298 2231 426 2287 novimus
446 2230 625 2301 exemplaria,
644 2229 828 2284 intellexiaset
846 2246 930 2298 quam
945 2246 1029 2299 saepe
1044 2231 1074 2283 in
1088 2230 1133 2284 hia
1146 2230 1229 2284 verba
1239 2229 1287 2298 ipa

96 2326 98 2330 ⁴
161 2330 338 2381 nequaquam
363 2312 543 2379 conveniant,
568 2312 637 2380 quin
660 2311 746 2365 immo
768 2309 907 2364 interdum
932 2328 966 2363 nc
986 2311 1080 2367 locum
1099 2310 1209 2379 quidem
1226 2308 1286 2376 ing·

161 2394 262 2447 mentis
281 2412 314 2447 ox
334 2393 436 2447 fabulis
456 2391 542 2446 versis
562 2392 705 2460 adsignari
723 2407 813 2461 posue.
1228 2458 1231 2464 .

236 2476 261 2542 1)
281 2474 367 2528 Velut
389 2472 506 2542 negavit
531 2475 560 2525 ct
580 2473 642 2540 ‘par
661 2470 721 2540 pari
740 2471 899 2540 roapoadet’
919 2470 993 2526 idem
1022 2489 1085 2527 ease
1103 2472 1188 2541 atque
1208 2470 1285 2535 ὁμοῖοι

162 2555 250 2624 ὁμοίῳ
270 2554 449 2625 proverbium
465 2555 502 2621 (p.
518 2558 581 2613 956)
596 2554 625 2605 ot
638 2551 835 2617 truculentum,
854 2549 902 2618 qui
916 2549 1055 2619 principio
1078 2550 1204 2604 ‘examen
1219 2547 1283 2603 aali’

162 2653 260 2701 cogere
287 2636 409 2688 minatus
436 2631 621 2687 meretriculis
650 2649 714 2685 mox
743 2632 893 2693 eamrudom
921 2631 1067 2699 exspectet
1094 2630 1282 2699 obsequentiam

165 2714 382 2781 ‘Sicyoniorum’
404 2713 522 2767 ¹‹imilom
543 2729 603 2765 esec
622 2711 640 2765 i.
661 2728 683 2765 c.
703 2718 761 2764 τῶν
784 2713 923 2780 τολμηρὸν
949 2712 997 2776 μέν
1015 2728 1043 2764 τι
1062 2714 1226 2776 ποιούντων,
1247 2710 1282 2762 οὐ·

162 2797 208 2846 div
229 2797 258 2845 δὲ
278 2796 424 2846 ἀνυόντοιν
444 2797 480 2861 (p.
501 2796 625 2861 uidem).

232 2878 259 2939 2)
280 2874 400 2926 Maximo
427 2874 568 2941 vituperat
596 2873 670 2941 quod
693 2873 880 2942 fragmentum
909 2872 1050 2941 quoddam
1076 2873 1110 2925 de
1140 2868 1280 2926 commercio

162 2953 302 3007 maritimo
328 2954 505 3022 desumptum
535 2954 672 3007 translato
696 2971 777 3007 ecnru
802 2954 930 3007 adhiberi
954 2953 1114 3022 putaverim
1141 2956 1176 3020 (p.
1198 2956 1280 3014 auom.

161 3039 237 3101 dall:
259 3033 390 3086 ‘liadlich
406 3035 481 3099 zeigt
496 3034 554 3086 airh
576 3034 618 3086 bei
639 3034 700 3086 dem
721 3035 822 3088 let-alen
839 3035 1005 3102 Fragmenta
1023 3033 1096 3086 noch
1117 3031 1224 3097 ammai,
1240 3027 1280 3079 wic

160 3115 204 3168 cin
225 3113 441 3180 scharfsinniger
460 3112 544 3166 Manu
564 3114 632 3166 alles
652 3113 680 3165 in
700 3114 744 3166 eiu
763 3108 920 3181 Fmgment
937 3112 1139 3167 hincindcnten
1158 3113 1278 3165 lanu...

161 3196 229 3262 geht
248 3213 276 3247 ca
295 3193 348 3245 mit
366 3194 428 3247 dem
454 3194 667 3259 gmvdhnlichen
687 3193 770 3247 Sinna
790 3195 881 3261 nicht,
902 3211 931 3247 so
952 3192 1020 3245 wird
1041 3192 1085 3245 cin
1105 3192 1280 3257 iibertrageucr

161 3275 385 3342 angenommem'
425 3275 504 3339 Quod
523 3290 606 3341 quam
626 3274 829 3327 inconsiderate
845 3274 949 3340 iecerit,
971 3273 1030 3341 ipse
1050 3272 1144 3324 Plauti
1163 3269 1232 3324 locus
1247 3264 1280 3318 rui

161 3354 275 3408 adhibui
300 3354 369 3406 illud
395 3356 583 3421 fragmentum
608 3346 795 3407 demonstrare
820 3355 938 3422 poterat.
976 3353 1049 3405 Nam
1073 3352 1119 3404 fao
1143 3350 1216 3404 nobis
1239 3362 1280 3399 ser·

160 3438 254 3488 vatam
274 3452 329 3488 nou
349 3452 415 3508 csse.
427 3435 627 3487 'truculentum
648 3438 676 3488 ct
694 3435 767 3487 inter
788 3433 968 3502 ‘fragmenta’
989 3432 1047 3501 legi
1067 3449 1175 3485 versum
1194 3447 1209 3483 a
1226 3428 1280 3482 cua-

160 3515 226 3569 risio
246 3516 396 3570 excitatum
423 3517 510 3569 ‘lnam
535 3516 685 3569 adnoreum
711 3516 801 3581 legem
826 3516 927 3575 nicam)
957 3512 992 3566 ob
1021 3530 1113 3566 meam
1138 3511 1281 3578 scripturam

159 3597 293 3665 pecudem
318 3597 418 3664 cepil':
447 3596 503 3650 iam
528 3596 614 3663 siquis
638 3597 708 3650 hacc
731 3595 866 3648 translate
890 3593 967 3646 dicta
991 3610 1051 3646 esse
1080 3594 1139 3646 eive
1166 3589 1282 3644 coniceret

160 3677 218 3729 sire
238 3677 391 3741 colligaret,
410 3680 577 3745 nugatorem
597 3676 721 3730 dicerent
741 3675 890 3730 Schmidtii
910 3693 941 3729 ac
962 3692 991 3728 re
1006 3691 1074 3727 vera
1092 3673 1122 3726 in
1136 3669 1282 3724 Truculento

159 3755 339 3821 publicanum
360 3756 449 3823 egisse
469 3758 559 3810 sobrio
579 3774 611 3810 ac
631 3758 718 3810 solide
738 3756 888 3811 efficorent.

231 3835 258 3901 3)
279 3833 295 3884 l.
312 3855 331 3887 a.
347 3853 366 3887 a.
383 3853 408 3903 p.
429 3841 480 3888 957
492 3854 546 3902 sm:
577 3837 666 3889 ‘wozu
685 3838 828 3892 braachcn
847 3837 897 3889 wir
916 3837 988 3889 deun
1008 3835 1054 3888 die
1065 3834 1216 3899 Aunahme,
1232 3831 1284 3884 dass

159 3913 302 3967 dicselbcn
326 3932 375 3967 ans
399 3915 461 3967 dem
490 3915 632 3983 Originale
656 3918 704 3971 dos
731 3919 914 3971 'truculentus
938 3916 1067 3970 eutlehut
1092 3915 1179 3978 seicn,
1206 3912 1238 3965 da
1261 3927 1284 3961 cs

158 3995 229 4047 doch
251 3994 305 4046 vicl
330 3994 502 4048 natiirlicher
523 3995 572 4059 iet,
597 3997 661 4050 dass
680 3999 719 4053 aie
740 3997 873 4052 ebcnialle
892 3996 1023 4050 ausdcm
1043 3995 1137 4048 chen
1157 3989 1285 4061 gerohald-

158 4072 248 4126 sind?‘
296 4074 353 4125 lam
378 4078 410 4128 nt
436 4075 548 4128 mittam
575 4076 614 4129 ita
639 4079 782 4148 disputare
803 4077 987 4131 Sclrmidtinm
1011 4076 1090 4144 quasi
1116 4093 1169 4130 non
1193 4074 1284 4127 constet

70 4195 72 4199 ,
157 4170 240 4218 saepe
251 4155 286 4206 ab
297 4153 464 4221 Alciplnouc
481 4165 566 4223 atque
581 4158 702 4213 lmciano
714 4159 896 4213 Menandrum
912 4174 1071 4224 expressum
1088 4173 1156 4220 csse,
1170 4154 1221 4207 nisi
1233 4166 1282 4220 pro·

158 4230 267 4281 lravorit,
286 4231 369 4284 ctiam
390 4234 459 4288 alias
479 4237 549 4288 talea·
569 4255 659 4289 rerum
675 4240 877 4306 verborumque
896 4236 1095 4290 similitudinem
1111 4252 1165 4288 uon
1180 4235 1221 4287 hic
1237 4229 1283 4284 illie

157 4307 295 4373 alienamus
315 4341 346 4349 —
367 4316 441 4379 quod
457 4315 537 4367 facile
553 4315 677 4369 invenies
697 4349 731 4355 —
751 4318 798 4370 seu
820 4315 951 4371 contiuuo
972 4333 1003 4369 ac
1018 4316 1178 4383 frequenter
1195 4314 1279 4366 exure.

156 4387 257 4519 illrum
278 4389 410 4444 dicendus
431 4392 483 4446 crit
503 4395 536 4447 de
556 4396 595 4449 cis
621 4397 703 4451 rebus
727 4398 878 4463 iudicasse,
902 4414 972 4467 quas
996 4413 1051 4450 non
1075 4391 1184 4448 noverit
1201 4408 1230 4446 ac
1246 4387 1278 4439 νίῐ

156 4469 184 4521 at
201 4466 290 4533 igorit.
