<?xml version="1.0" encoding="UTF-8"?>
<!DOCTYPE html PUBLIC "-//W3C//DTD XHTML 1.0 Transitional//EN"
    "http://www.w3.org/TR/xhtml1/DTD/xhtml1-transitional.dtd">
<html xmlns="http://www.w3.org/1999/xhtml" xml:lang="en" lang="en">
 <head>
  <title>
</title>
<meta http-equiv="Content-Type" content="text/html;charset=utf-8" />
  <meta name='ocr-system' content='tesseract 3.04.00' />
  <meta name='ocr-capabilities' content='ocr_page ocr_carea ocr_par ocr_line ocrx_word'/>
</head>
<body>
  <div class='ocr_page' id='page_1' title='image "./tmacciplauticom02schgoog_0607.png"; bbox 0 0 2934 5048; ppageno 0'>
   <div class='ocr_carea' id='block_1_1' title="bbox 242 322 920 380">
    <p class='ocr_par' dir='ltr' id='par_1_1' title="bbox 242 322 920 380">
     <span class='ocr_line' id='line_1_1' title="bbox 242 322 920 380; baseline -0.003 0"><span class='ocrx_word' id='word_1_1' title='bbox 242 327 303 380; x_wconf 82' lang='lat' dir='ltr'>LVI</span> <span class='ocrx_word' id='word_1_2' title='bbox 494 322 500 331; x_wconf 79' lang='grc'><strong>“</strong></span> <span class='ocrx_word' id='word_1_3' title='bbox 714 325 920 379; x_wconf 77' lang='lat' dir='ltr'><strong>PRAEFATIO</strong></span> 
     </span>
    </p>
   </div>
   <div class='ocr_carea' id='block_1_2' title="bbox 212 504 1430 1634">
    <p class='ocr_par' dir='ltr' id='par_1_2' title="bbox 212 504 1430 1634">
     <span class='ocr_line' id='line_1_2' title="bbox 242 504 1430 590; baseline -0.001 -20"><span class='ocrx_word' id='word_1_4' title='bbox 242 506 411 570; x_wconf 86' lang='lat' dir='ltr'>Vaticana.</span> <span class='ocrx_word' id='word_1_5' title='bbox 436 505 548 590; x_wconf 88' lang='lat' dir='ltr'>ltaque</span> <span class='ocrx_word' id='word_1_6' title='bbox 577 507 638 569; x_wconf 86' lang='lat' dir='ltr'>nisi</span> <span class='ocrx_word' id='word_1_7' title='bbox 668 528 738 569; x_wconf 88' lang='lat' dir='ltr'>mea</span> <span class='ocrx_word' id='word_1_8' title='bbox 762 529 812 569; x_wconf 89' lang='lat' dir='ltr'>nre</span> <span class='ocrx_word' id='word_1_9' title='bbox 837 505 1041 571; x_wconf 72' lang='lat' dir='ltr'>ratiocinatio</span> <span class='ocrx_word' id='word_1_10' title='bbox 1064 504 1386 590; x_wconf 76' lang='lat' dir='ltr'>tallit,&#39;I¹rinunm1us</span> <span class='ocrx_word' id='word_1_11' title='bbox 1424 504 1430 527; x_wconf 68' lang='lat'>⁸</span> 
     </span>
     <span class='ocr_line' id='line_1_3' title="bbox 243 612 1388 706; baseline 0 -20"><span class='ocrx_word' id='word_1_12' title='bbox 243 623 352 706; x_wconf 89' lang='lat' dir='ltr'>aliqua</span> <span class='ocrx_word' id='word_1_13' title='bbox 379 625 485 687; x_wconf 87' lang='lat' dir='ltr'>aetate</span> <span class='ocrx_word' id='word_1_14' title='bbox 515 624 587 685; x_wconf 90' lang='lat' dir='ltr'>aeta</span> <span class='ocrx_word' id='word_1_15' title='bbox 615 612 664 685; x_wconf 90' lang='lat' dir='ltr'>est</span> <span class='ocrx_word' id='word_1_16' title='bbox 692 621 733 685; x_wconf 90' lang='lat' dir='ltr'>ab</span> <span class='ocrx_word' id='word_1_17' title='bbox 761 620 973 686; x_wconf 74' lang='lat' dir='ltr'>histrionibus</span> <span class='ocrx_word' id='word_1_18' title='bbox 1001 624 1139 706; x_wconf 81' lang='lat' dir='ltr'>septam,</span> <span class='ocrx_word' id='word_1_19' title='bbox 1166 622 1264 706; x_wconf 90' lang='lat' dir='ltr'>idque</span> <span class='ocrx_word' id='word_1_20' title='bbox 1286 621 1334 686; x_wconf 89' lang='lat' dir='ltr'>ita</span> <span class='ocrx_word' id='word_1_21' title='bbox 1354 626 1388 686; x_wconf 90' lang='lat' dir='ltr'>ut</span> 
     </span>
     <span class='ocr_line' id='line_1_4' title="bbox 244 734 1389 823; baseline 0.001 -21"><span class='ocrx_word' id='word_1_22' title='bbox 244 736 385 802; x_wconf 79' lang='lat' dir='ltr'>Calliclis</span> <span class='ocrx_word' id='word_1_23' title='bbox 413 737 563 820; x_wconf 84' lang='lat' dir='ltr'>Lysitelis</span> <span class='ocrx_word' id='word_1_24' title='bbox 591 737 762 802; x_wconf 80' lang='lat' dir='ltr'>Lesbonici</span> <span class='ocrx_word' id='word_1_25' title='bbox 790 735 972 802; x_wconf 77' lang='lat' dir='ltr'>Charmidis</span> <span class='ocrx_word' id='word_1_26' title='bbox 999 734 1130 803; x_wconf 83' lang='lat' dir='ltr'>Stasimi</span> <span class='ocrx_word' id='word_1_27' title='bbox 1163 734 1389 823; x_wconf 82' lang='lat' dir='ltr'>Sycophantae</span> 
     </span>
     <span class='ocr_line' id='line_1_5' title="bbox 243 852 1390 939; baseline 0.002 -23"><span class='ocrx_word' id='word_1_28' title='bbox 243 857 352 938; x_wconf 88' lang='lat' dir='ltr'>partes</span> <span class='ocrx_word' id='word_1_29' title='bbox 381 854 502 939; x_wconf 78' lang='lat' dir='ltr'>singuli</span> <span class='ocrx_word' id='word_1_30' title='bbox 530 857 654 918; x_wconf 90' lang='lat' dir='ltr'>actores</span> <span class='ocrx_word' id='word_1_31' title='bbox 683 854 895 938; x_wconf 81' lang='lat' dir='ltr'>sustinerent,</span> <span class='ocrx_word' id='word_1_32' title='bbox 921 852 1017 917; x_wconf 88' lang='lat' dir='ltr'>unius</span> <span class='ocrx_word' id='word_1_33' title='bbox 1045 855 1154 918; x_wconf 90' lang='lat' dir='ltr'>autem</span> <span class='ocrx_word' id='word_1_34' title='bbox 1185 853 1390 938; x_wconf 84' lang='lat' dir='ltr'>eiusdemque</span> 
     </span>
     <span class='ocr_line' id='line_1_6' title="bbox 212 968 1392 1055; baseline 0.003 -23"><span class='ocrx_word' id='word_1_35' title='bbox 212 969 363 1034; x_wconf 79' lang='lat' dir='ltr'>·aaoris</span> <span class='ocrx_word' id='word_1_36' title='bbox 391 973 424 1033; x_wconf 93' lang='lat' dir='ltr'>et</span> <span class='ocrx_word' id='word_1_37' title='bbox 453 968 672 1055; x_wconf 81' lang='lat' dir='ltr'>Megaronidis</span> <span class='ocrx_word' id='word_1_38' title='bbox 701 972 734 1033; x_wconf 88' lang='lat' dir='ltr'>et</span> <span class='ocrx_word' id='word_1_39' title='bbox 754 968 917 1034; x_wconf 86' lang='lat' dir='ltr'>Philtonis</span> <span class='ocrx_word' id='word_1_40' title='bbox 948 971 1058 1053; x_wconf 80' lang='lat' dir='ltr'>partes</span> <span class='ocrx_word' id='word_1_41' title='bbox 1088 972 1211 1034; x_wconf 82' lang='lat' dir='ltr'>essent:</span> <span class='ocrx_word' id='word_1_42' title='bbox 1243 970 1278 1036; x_wconf 85' lang='lat' dir='ltr'>id</span> <span class='ocrx_word' id='word_1_43' title='bbox 1307 970 1392 1055; x_wconf 87' lang='lat' dir='ltr'>quod</span> 
     </span>
     <span class='ocr_line' id='line_1_7' title="bbox 245 1084 1393 1171; baseline 0.003 -23"><span class='ocrx_word' id='word_1_44' title='bbox 245 1107 303 1169; x_wconf 89' lang='lat' dir='ltr'>per</span> <span class='ocrx_word' id='word_1_45' title='bbox 332 1084 516 1169; x_wconf 84' lang='lat' dir='ltr'>argumenti</span> <span class='ocrx_word' id='word_1_46' title='bbox 544 1087 577 1148; x_wconf 93' lang='lat' dir='ltr'>et</span> <span class='ocrx_word' id='word_1_47' title='bbox 605 1085 853 1150; x_wconf 82' lang='lat' dir='ltr'>continuitatem</span> <span class='ocrx_word' id='word_1_48' title='bbox 881 1088 914 1149; x_wconf 91' lang='lat' dir='ltr'>et</span> <span class='ocrx_word' id='word_1_49' title='bbox 935 1084 1174 1150; x_wconf 83' lang='lat' dir='ltr'>vicissitudines</span> <span class='ocrx_word' id='word_1_50' title='bbox 1196 1089 1393 1171; x_wconf 77' lang='lat' dir='ltr'>actuumque</span> 
     </span>
     <span class='ocr_line' id='line_1_8' title="bbox 246 1200 1396 1291; baseline 0.001 -25"><span class='ocrx_word' id='word_1_51' title='bbox 246 1223 283 1266; x_wconf 89' lang='lat' dir='ltr'>ac</span> <span class='ocrx_word' id='word_1_52' title='bbox 302 1221 492 1264; x_wconf 75' lang='lat' dir='ltr'>scaenarum</span> <span class='ocrx_word' id='word_1_53' title='bbox 511 1203 543 1291; x_wconf 84' lang='lat' dir='ltr'>et</span> <span class='ocrx_word' id='word_1_54' title='bbox 561 1200 736 1287; x_wconf 82' lang='lat' dir='ltr'>interstitia</span> <span class='ocrx_word' id='word_1_55' title='bbox 759 1204 793 1265; x_wconf 87' lang='lat' dir='ltr'>et</span> <span class='ocrx_word' id='word_1_56' title='bbox 810 1222 911 1266; x_wconf 87' lang='lat' dir='ltr'>nexus</span> <span class='ocrx_word' id='word_1_57' title='bbox 930 1200 1187 1266; x_wconf 85' lang='lat' dir='ltr'>commodissime</span> <span class='ocrx_word' id='word_1_58' title='bbox 1205 1201 1277 1266; x_wconf 89' lang='lat' dir='ltr'>fieri</span> <span class='ocrx_word' id='word_1_59' title='bbox 1300 1202 1396 1267; x_wconf 85' lang='lat' dir='ltr'>facile</span> 
     </span>
     <span class='ocr_line' id='line_1_9' title="bbox 246 1314 1397 1401; baseline 0.001 -19"><span class='ocrx_word' id='word_1_60' title='bbox 246 1340 330 1382; x_wconf 86' lang='lat' dir='ltr'>unus</span> <span class='ocrx_word' id='word_1_61' title='bbox 363 1316 497 1400; x_wconf 89' lang='lat' dir='ltr'>quisque</span> <span class='ocrx_word' id='word_1_62' title='bbox 530 1337 589 1400; x_wconf 89' lang='lat' dir='ltr'>pro</span> <span class='ocrx_word' id='word_1_63' title='bbox 620 1339 653 1380; x_wconf 90' lang='lat' dir='ltr'>se</span> <span class='ocrx_word' id='word_1_64' title='bbox 682 1316 818 1401; x_wconf 81' lang='lat' dir='ltr'>experiri</span> <span class='ocrx_word' id='word_1_65' title='bbox 850 1316 978 1401; x_wconf 85' lang='lat' dir='ltr'>poterit.</span> <span class='ocrx_word' id='word_1_66' title='bbox 1007 1354 1048 1363; x_wconf 93' lang='lat'>-</span> <span class='ocrx_word' id='word_1_67' title='bbox 1077 1314 1159 1381; x_wconf 85' lang='lat' dir='ltr'>Cum</span> <span class='ocrx_word' id='word_1_68' title='bbox 1190 1316 1255 1382; x_wconf 88' lang='lat' dir='ltr'>hoc</span> <span class='ocrx_word' id='word_1_69' title='bbox 1287 1321 1397 1383; x_wconf 85' lang='lat' dir='ltr'>autem</span> 
     </span>
     <span class='ocr_line' id='line_1_10' title="bbox 247 1431 1397 1518; baseline 0.001 -22"><span class='ocrx_word' id='word_1_70' title='bbox 247 1454 436 1518; x_wconf 81' lang='lat' dir='ltr'>graecarum</span> <span class='ocrx_word' id='word_1_71' title='bbox 459 1431 640 1496; x_wconf 87' lang='lat' dir='ltr'>litterarum</span> <span class='ocrx_word' id='word_1_72' title='bbox 664 1454 724 1496; x_wconf 91' lang='lat' dir='ltr'>usu</span> <span class='ocrx_word' id='word_1_73' title='bbox 748 1432 828 1496; x_wconf 90' lang='lat' dir='ltr'>illud</span> <span class='ocrx_word' id='word_1_74' title='bbox 851 1436 900 1496; x_wconf 91' lang='lat' dir='ltr'>est</span> <span class='ocrx_word' id='word_1_75' title='bbox 919 1432 1229 1517; x_wconf 84' lang='lat' dir='ltr'>coniunctissimum,</span> <span class='ocrx_word' id='word_1_76' title='bbox 1251 1433 1342 1517; x_wconf 84' lang='lat' dir='ltr'>quod</span> <span class='ocrx_word' id='word_1_77' title='bbox 1364 1434 1397 1498; x_wconf 91' lang='lat' dir='ltr'>in</span> 
     </span>
     <span class='ocr_line' id='line_1_11' title="bbox 247 1548 1398 1634; baseline 0 -20"><span class='ocrx_word' id='word_1_78' title='bbox 247 1550 311 1614; x_wconf 90' lang='lat' dir='ltr'>fine</span> <span class='ocrx_word' id='word_1_79' title='bbox 339 1548 468 1614; x_wconf 87' lang='lat' dir='ltr'>fabulae</span> <span class='ocrx_word' id='word_1_80' title='bbox 492 1560 643 1615; x_wconf 71' lang='lat' dir='ltr'>cussonis</span> <span class='ocrx_word' id='word_1_81' title='bbox 675 1570 794 1612; x_wconf 86' lang='lat' dir='ltr'>nomen</span> <span class='ocrx_word' id='word_1_82' title='bbox 822 1549 899 1612; x_wconf 91' lang='lat' dir='ltr'>item</span> <span class='ocrx_word' id='word_1_83' title='bbox 923 1569 1039 1634; x_wconf 80' lang='lat' dir='ltr'>graeca</span> <span class='ocrx_word' id='word_1_84' title='bbox 1062 1569 1090 1612; x_wconf 89' lang='grc' dir='ltr'>ω</span> <span class='ocrx_word' id='word_1_85' title='bbox 1111 1549 1222 1613; x_wconf 86' lang='lat' dir='ltr'>littera</span> <span class='ocrx_word' id='word_1_86' title='bbox 1249 1552 1398 1614; x_wconf 87' lang='lat' dir='ltr'>notatur:</span> 
     </span>
    </p>
   </div>
   <div class='ocr_carea' id='block_1_3' title="bbox 249 1663 1399 1868">
    <p class='ocr_par' dir='ltr' id='par_1_3' title="bbox 249 1663 1399 1868">
     <span class='ocr_line' id='line_1_12' title="bbox 249 1663 1399 1771; baseline 0.002 -42"><span class='ocrx_word' id='word_1_87' title='bbox 249 1666 335 1750; x_wconf 90' lang='lat' dir='ltr'>quod</span> <span class='ocrx_word' id='word_1_88' title='bbox 363 1664 492 1748; x_wconf 84' lang='lat' dir='ltr'>quietem</span> <span class='ocrx_word' id='word_1_89' title='bbox 525 1663 648 1727; x_wconf 86' lang='lat' dir='ltr'>adscita</span> <span class='ocrx_word' id='word_1_90' title='bbox 675 1663 792 1760; x_wconf 81' lang='lat' dir='ltr'>Persae</span> <span class='ocrx_word' id='word_1_91' title='bbox 825 1664 1060 1749; x_wconf 87' lang='lat' dir='ltr'>subscriptione</span> <span class='ocrx_word' id='word_1_92' title='bbox 1093 1686 1175 1771; x_wconf 77' lang='lat' dir='ltr'>quae</span> <span class='ocrx_word' id='word_1_93' title='bbox 1207 1668 1259 1729; x_wconf 90' lang='lat' dir='ltr'>est</span> <span class='ocrx_word' id='word_1_94' title='bbox 1287 1667 1399 1748; x_wconf 81' lang='lat' dir='ltr'>pantio</span> 
     </span>
     <span class='ocr_line' id='line_1_13' title="bbox 250 1777 1199 1868; baseline -0.002 -22"><span class='ocrx_word' id='word_1_95' title='bbox 250 1780 296 1868; x_wconf 88' lang='lat' dir='ltr'>(h.</span> <span class='ocrx_word' id='word_1_96' title='bbox 320 1804 346 1845; x_wconf 88' lang='lat' dir='ltr'>e.</span> <span class='ocrx_word' id='word_1_97' title='bbox 369 1777 485 1863; x_wconf 69' lang='lat' dir='ltr'>coartio)</span> <span class='ocrx_word' id='word_1_98' title='bbox 509 1778 588 1843; x_wconf 89' lang='lat' dir='ltr'>satis</span> <span class='ocrx_word' id='word_1_99' title='bbox 611 1778 755 1844; x_wconf 89' lang='lat' dir='ltr'>firmasse</span> <span class='ocrx_word' id='word_1_100' title='bbox 779 1780 890 1844; x_wconf 88' lang='lat' dir='ltr'>videor</span> <span class='ocrx_word' id='word_1_101' title='bbox 911 1780 1038 1865; x_wconf 78' lang='lat' dir='ltr'>Proleg.</span> <span class='ocrx_word' id='word_1_102' title='bbox 1061 1803 1093 1865; x_wconf 89' lang='lat' dir='ltr'>p.</span> <span class='ocrx_word' id='word_1_103' title='bbox 1116 1795 1199 1847; x_wconf 76' lang='lat' dir='ltr'><strong>xxx.</strong></span> 
     </span>
    </p>
   </div>
   <div class='ocr_carea' id='block_1_4' title="bbox 175 2009 1408 4406">
    <p class='ocr_par' dir='ltr' id='par_1_4' title="bbox 175 2009 1408 4406">
     <span class='ocr_line' id='line_1_14' title="bbox 339 2009 1398 2098; baseline 0.002 -23"><span class='ocrx_word' id='word_1_104' title='bbox 339 2011 501 2092; x_wconf 87' lang='lat' dir='ltr'>Alterum,</span> <span class='ocrx_word' id='word_1_105' title='bbox 533 2010 617 2093; x_wconf 86' lang='lat' dir='ltr'>quod</span> <span class='ocrx_word' id='word_1_106' title='bbox 642 2032 711 2073; x_wconf 90' lang='lat' dir='ltr'>esse</span> <span class='ocrx_word' id='word_1_107' title='bbox 734 2011 900 2095; x_wconf 91' lang='lat' dir='ltr'>proprium</span> <span class='ocrx_word' id='word_1_108' title='bbox 923 2009 1052 2075; x_wconf 89' lang='lat' dir='ltr'>Veteris</span> <span class='ocrx_word' id='word_1_109' title='bbox 1075 2010 1194 2076; x_wconf 86' lang='lat' dir='ltr'>codicis</span> <span class='ocrx_word' id='word_1_110' title='bbox 1218 2012 1253 2077; x_wconf 89' lang='lat' dir='ltr'><em>B</em></span> <span class='ocrx_word' id='word_1_111' title='bbox 1275 2013 1398 2098; x_wconf 81' lang='lat' dir='ltr'>signifi—</span> 
     </span>
     <span class='ocr_line' id='line_1_15' title="bbox 251 2126 1399 2213; baseline -0.001 -20"><span class='ocrx_word' id='word_1_112' title='bbox 251 2129 330 2213; x_wconf 84' lang='lat' dir='ltr'>cavi,</span> <span class='ocrx_word' id='word_1_113' title='bbox 352 2127 393 2192; x_wconf 89' lang='lat' dir='ltr'>ad</span> <span class='ocrx_word' id='word_1_114' title='bbox 416 2127 560 2209; x_wconf 83' lang='lat' dir='ltr'>integras</span> <span class='ocrx_word' id='word_1_115' title='bbox 584 2145 772 2190; x_wconf 81' lang='lat' dir='ltr'>scaenarum</span> <span class='ocrx_word' id='word_1_116' title='bbox 795 2126 1022 2210; x_wconf 86' lang='lat' dir='ltr'>inscriptiones</span> <span class='ocrx_word' id='word_1_117' title='bbox 1044 2127 1199 2212; x_wconf 83' lang='lat' dir='ltr'>pertinet,</span> <span class='ocrx_word' id='word_1_118' title='bbox 1222 2127 1257 2192; x_wconf 93' lang='lat' dir='ltr'>in</span> <span class='ocrx_word' id='word_1_119' title='bbox 1281 2127 1399 2212; x_wconf 86' lang='lat' dir='ltr'>quibus</span> 
     </span>
     <span class='ocr_line' id='line_1_16' title="bbox 251 2242 1400 2330; baseline 0 -21"><span class='ocrx_word' id='word_1_120' title='bbox 251 2245 349 2330; x_wconf 89' lang='lat' dir='ltr'>plena</span> <span class='ocrx_word' id='word_1_121' title='bbox 380 2242 533 2327; x_wconf 88' lang='lat' dir='ltr'>perscribi</span> <span class='ocrx_word' id='word_1_122' title='bbox 567 2242 830 2325; x_wconf 85' lang='lat' dir='ltr'>conloquentium</span> <span class='ocrx_word' id='word_1_123' title='bbox 864 2263 1076 2326; x_wconf 90' lang='lat' dir='ltr'>personarum</span> <span class='ocrx_word' id='word_1_124' title='bbox 1113 2243 1248 2307; x_wconf 86' lang='lat' dir='ltr'>nomina</span> <span class='ocrx_word' id='word_1_125' title='bbox 1283 2244 1400 2326; x_wconf 73' lang='lat' dir='ltr'>solent,</span> 
     </span>
     <span class='ocr_line' id='line_1_17' title="bbox 251 2358 1400 2443; baseline 0.001 -19"><span class='ocrx_word' id='word_1_126' title='bbox 251 2361 361 2424; x_wconf 86' lang='lat' dir='ltr'>addita</span> <span class='ocrx_word' id='word_1_127' title='bbox 379 2360 566 2443; x_wconf 90' lang='lat' dir='ltr'>plerumque</span> <span class='ocrx_word' id='word_1_128' title='bbox 587 2359 788 2443; x_wconf 89' lang='lat' dir='ltr'>singularum</span> <span class='ocrx_word' id='word_1_129' title='bbox 807 2358 995 2422; x_wconf 86' lang='lat' dir='ltr'>condicione</span> <span class='ocrx_word' id='word_1_130' title='bbox 1014 2361 1051 2422; x_wconf 87' lang='lat' dir='ltr'>ut</span> <span class='ocrx_word' id='word_1_131' title='bbox 1069 2370 1181 2431; x_wconf 79' lang='lat' dir='ltr'>Ssuax,</span> <span class='ocrx_word' id='word_1_132' title='bbox 1196 2375 1400 2426; x_wconf 72' lang='lat' dir='ltr'>Anvnascnss</span> 
     </span>
     <span class='ocr_line' id='line_1_18' title="bbox 253 2472 1401 2558; baseline -0.002 -19"><span class='ocrx_word' id='word_1_133' title='bbox 253 2480 287 2539; x_wconf 89' lang='lat' dir='ltr'>et</span> <span class='ocrx_word' id='word_1_134' title='bbox 310 2496 391 2558; x_wconf 70' lang='lat' dir='ltr'>(puae</span> <span class='ocrx_word' id='word_1_135' title='bbox 416 2478 492 2538; x_wconf 91' lang='lat' dir='ltr'>sunt</span> <span class='ocrx_word' id='word_1_136' title='bbox 514 2473 639 2537; x_wconf 88' lang='lat' dir='ltr'>similia.</span> <span class='ocrx_word' id='word_1_137' title='bbox 662 2472 723 2537; x_wconf 90' lang='lat' dir='ltr'>His</span> <span class='ocrx_word' id='word_1_138' title='bbox 747 2477 854 2537; x_wconf 88' lang='lat' dir='ltr'>autem</span> <span class='ocrx_word' id='word_1_139' title='bbox 877 2473 1186 2558; x_wconf 86' lang='lat' dir='ltr'>praescriptionibus</span> <span class='ocrx_word' id='word_1_140' title='bbox 1208 2473 1330 2537; x_wconf 88' lang='lat' dir='ltr'>mirum</span> <span class='ocrx_word' id='word_1_141' title='bbox 1352 2476 1401 2537; x_wconf 84' lang='lat' dir='ltr'>est</span> 
     </span>
     <span class='ocr_line' id='line_1_19' title="bbox 252 2587 1399 2673; baseline -0.003 -18"><span class='ocrx_word' id='word_1_142' title='bbox 252 2593 286 2655; x_wconf 84' lang='lat' dir='ltr'>ia</span> <span class='ocrx_word' id='word_1_143' title='bbox 311 2591 344 2654; x_wconf 86' lang='lat' dir='ltr'><em>B</em></span> <span class='ocrx_word' id='word_1_144' title='bbox 363 2612 458 2673; x_wconf 87' lang='lat' dir='ltr'>saepe</span> <span class='ocrx_word' id='word_1_145' title='bbox 482 2590 571 2653; x_wconf 89' lang='lat' dir='ltr'>nullo</span> <span class='ocrx_word' id='word_1_146' title='bbox 596 2589 764 2652; x_wconf 88' lang='lat' dir='ltr'>intervallo</span> <span class='ocrx_word' id='word_1_147' title='bbox 789 2589 890 2652; x_wconf 88' lang='lat' dir='ltr'>subici</span> <span class='ocrx_word' id='word_1_148' title='bbox 910 2588 935 2652; x_wconf 83' lang='lat' dir='ltr'>C</span> <span class='ocrx_word' id='word_1_149' title='bbox 954 2590 1004 2654; x_wconf 84' lang='lat' dir='ltr'>vel</span> <span class='ocrx_word' id='word_1_150' title='bbox 1028 2587 1068 2653; x_wconf 77' lang='lat' dir='ltr'>C·</span> <span class='ocrx_word' id='word_1_151' title='bbox 1097 2593 1219 2673; x_wconf 86' lang='lat' dir='ltr'>notam,</span> <span class='ocrx_word' id='word_1_152' title='bbox 1238 2589 1279 2653; x_wconf 87' lang='lat' dir='ltr'>ad</span> <span class='ocrx_word' id='word_1_153' title='bbox 1304 2611 1399 2672; x_wconf 82' lang='lat' dir='ltr'>quani</span> 
     </span>
     <span class='ocr_line' id='line_1_20' title="bbox 253 2703 1400 2788; baseline -0.003 -18"><span class='ocrx_word' id='word_1_154' title='bbox 253 2706 427 2770; x_wconf 88' lang='lat' dir='ltr'>nemodum</span> <span class='ocrx_word' id='word_1_155' title='bbox 450 2705 594 2769; x_wconf 87' lang='lat' dir='ltr'>animum</span> <span class='ocrx_word' id='word_1_156' title='bbox 613 2703 758 2768; x_wconf 85' lang='lat' dir='ltr'>advertit.</span> <span class='ocrx_word' id='word_1_157' title='bbox 773 2704 873 2768; x_wconf 89' lang='lat' dir='ltr'>Vides</span> <span class='ocrx_word' id='word_1_158' title='bbox 897 2705 982 2768; x_wconf 85' lang='lat' dir='ltr'>enirn</span> <span class='ocrx_word' id='word_1_159' title='bbox 1005 2705 1067 2769; x_wconf 92' lang='lat' dir='ltr'>hoc</span> <span class='ocrx_word' id='word_1_160' title='bbox 1089 2704 1212 2769; x_wconf 84' lang='lat' dir='ltr'>factum</span> <span class='ocrx_word' id='word_1_161' title='bbox 1237 2703 1272 2767; x_wconf 92' lang='lat' dir='ltr'>in</span> <span class='ocrx_word' id='word_1_162' title='bbox 1296 2703 1400 2788; x_wconf 85' lang='lat' dir='ltr'>capite</span> 
     </span>
     <span class='ocr_line' id='line_1_21' title="bbox 254 2818 1401 2903; baseline -0.003 -18"><span class='ocrx_word' id='word_1_163' title='bbox 254 2843 440 2885; x_wconf 82' lang='lat' dir='ltr'>scaenarrmr</span> <span class='ocrx_word' id='word_1_164' title='bbox 465 2818 507 2902; x_wconf 91' lang='lat' dir='ltr'>ll,</span> <span class='ocrx_word' id='word_1_165' title='bbox 531 2822 559 2882; x_wconf 70' lang='grc' dir='ltr'>ἱ).</span> <span class='ocrx_word' id='word_1_166' title='bbox 583 2818 642 2902; x_wconf 89' lang='lat' dir='ltr'>Ill,</span> <span class='ocrx_word' id='word_1_167' title='bbox 667 2821 694 2882; x_wconf 86' lang='lat'>1.</span> <span class='ocrx_word' id='word_1_168' title='bbox 718 2821 748 2883; x_wconf 77' lang='lat'>2.</span> <span class='ocrx_word' id='word_1_169' title='bbox 772 2819 829 2902; x_wconf 91' lang='lat' dir='ltr'>IV,</span> <span class='ocrx_word' id='word_1_170' title='bbox 856 2823 883 2884; x_wconf 88' lang='lat'>1.</span> <span class='ocrx_word' id='word_1_171' title='bbox 907 2821 937 2884; x_wconf 84' lang='lat'>3.</span> <span class='ocrx_word' id='word_1_172' title='bbox 960 2821 990 2883; x_wconf 76' lang='lat'>4.</span> <span class='ocrx_word' id='word_1_173' title='bbox 1014 2819 1055 2903; x_wconf 80' lang='lat' dir='ltr'>V,</span> <span class='ocrx_word' id='word_1_174' title='bbox 1082 2823 1107 2883; x_wconf 91' lang='lat' dir='ltr'>l.</span> <span class='ocrx_word' id='word_1_175' title='bbox 1131 2823 1165 2884; x_wconf 70' lang='lat'>2:</span> <span class='ocrx_word' id='word_1_176' title='bbox 1189 2842 1254 2902; x_wconf 91' lang='lat' dir='ltr'>quo</span> <span class='ocrx_word' id='word_1_177' title='bbox 1279 2818 1401 2883; x_wconf 88' lang='lat' dir='ltr'>accedit</span> 
     </span>
     <span class='ocr_line' id='line_1_22' title="bbox 254 2934 1402 3019; baseline -0.002 -19"><span class='ocrx_word' id='word_1_178' title='bbox 254 2937 365 3000; x_wconf 89' lang='lat' dir='ltr'>eadem</span> <span class='ocrx_word' id='word_1_179' title='bbox 393 2939 471 2998; x_wconf 88' lang='lat' dir='ltr'>nota</span> <span class='ocrx_word' id='word_1_180' title='bbox 498 2936 534 2998; x_wconf 90' lang='lat' dir='ltr'>in</span> <span class='ocrx_word' id='word_1_181' title='bbox 562 2957 627 2998; x_wconf 90' lang='lat' dir='ltr'>uuo</span> <span class='ocrx_word' id='word_1_182' title='bbox 651 2934 827 3000; x_wconf 89' lang='lat' dir='ltr'>Decurtato</span> <span class='ocrx_word' id='word_1_183' title='bbox 856 2939 983 2999; x_wconf 87' lang='lat' dir='ltr'>servata</span> <span class='ocrx_word' id='word_1_184' title='bbox 1011 2956 1052 2999; x_wconf 90' lang='lat' dir='ltr'>se.</span> <span class='ocrx_word' id='word_1_185' title='bbox 1072 2934 1128 3019; x_wconf 92' lang='lat' dir='ltr'>IV,</span> <span class='ocrx_word' id='word_1_186' title='bbox 1147 2937 1177 2999; x_wconf 77' lang='grc'>2.</span> <span class='ocrx_word' id='word_1_187' title='bbox 1200 2934 1292 3010; x_wconf 80' lang='lat' dir='ltr'>Quae</span> <span class='ocrx_word' id='word_1_188' title='bbox 1315 2939 1402 3016; x_wconf 89' lang='lat' dir='ltr'>nota,</span> 
     </span>
     <span class='ocr_line' id='line_1_23' title="bbox 253 3049 1401 3134; baseline -0.002 -20"><span class='ocrx_word' id='word_1_189' title='bbox 253 3054 303 3114; x_wconf 79' lang='lat' dir='ltr'>vel</span> <span class='ocrx_word' id='word_1_190' title='bbox 336 3056 373 3114; x_wconf 93' lang='lat' dir='ltr'>ut</span> <span class='ocrx_word' id='word_1_191' title='bbox 402 3072 474 3113; x_wconf 86' lang='lat' dir='ltr'>eum</span> <span class='ocrx_word' id='word_1_192' title='bbox 503 3051 625 3134; x_wconf 82' lang='lat' dir='ltr'>graecis</span> <span class='ocrx_word' id='word_1_193' title='bbox 655 3051 874 3133; x_wconf 76' lang='lat' dir='ltr'>grammaticis</span> <span class='ocrx_word' id='word_1_194' title='bbox 907 3052 1021 3134; x_wconf 88' lang='lat' dir='ltr'>loquar</span> <span class='ocrx_word' id='word_1_195' title='bbox 1048 3051 1294 3134; x_wconf 86' lang='grc' dir='ltr'>παρεπιγραφή,</span> <span class='ocrx_word' id='word_1_196' title='bbox 1327 3049 1401 3133; x_wconf 87' lang='lat' dir='ltr'>quid</span> 
     </span>
     <span class='ocr_line' id='line_1_24' title="bbox 255 3164 1402 3249; baseline -0.001 -20"><span class='ocrx_word' id='word_1_197' title='bbox 255 3167 315 3229; x_wconf 86' lang='lat' dir='ltr'>sibi</span> <span class='ocrx_word' id='word_1_198' title='bbox 344 3166 421 3229; x_wconf 87' lang='lat' dir='ltr'>velit</span> <span class='ocrx_word' id='word_1_199' title='bbox 450 3165 509 3228; x_wconf 88' lang='lat' dir='ltr'>etsi</span> <span class='ocrx_word' id='word_1_200' title='bbox 537 3186 741 3247; x_wconf 84' lang='lat' dir='ltr'>nequaquam</span> <span class='ocrx_word' id='word_1_201' title='bbox 764 3166 798 3228; x_wconf 90' lang='lat' dir='ltr'>in</span> <span class='ocrx_word' id='word_1_202' title='bbox 821 3167 993 3249; x_wconf 89' lang='lat' dir='ltr'>propatulo</span> <span class='ocrx_word' id='word_1_203' title='bbox 1018 3169 1079 3248; x_wconf 89' lang='lat' dir='ltr'>est,</span> <span class='ocrx_word' id='word_1_204' title='bbox 1105 3168 1216 3229; x_wconf 88' lang='lat' dir='ltr'>tamen</span> <span class='ocrx_word' id='word_1_205' title='bbox 1239 3164 1310 3229; x_wconf 88' lang='lat' dir='ltr'>fors</span> <span class='ocrx_word' id='word_1_206' title='bbox 1333 3168 1402 3229; x_wconf 88' lang='lat' dir='ltr'>fuat</span> 
     </span>
     <span class='ocr_line' id='line_1_25' title="bbox 255 3280 1404 3364; baseline 0 -20"><span class='ocrx_word' id='word_1_207' title='bbox 255 3305 298 3344; x_wconf 86' lang='lat' dir='ltr'>an</span> <span class='ocrx_word' id='word_1_208' title='bbox 328 3281 512 3345; x_wconf 89' lang='lat' dir='ltr'>coniectura</span> <span class='ocrx_word' id='word_1_209' title='bbox 540 3280 678 3364; x_wconf 89' lang='lat' dir='ltr'>reperire</span> <span class='ocrx_word' id='word_1_210' title='bbox 706 3281 875 3364; x_wconf 83' lang='lat' dir='ltr'>possimus</span> <span class='ocrx_word' id='word_1_211' title='bbox 903 3280 1024 3356; x_wconf 85' lang='lat' dir='ltr'>Quodsi</span> <span class='ocrx_word' id='word_1_212' title='bbox 1052 3281 1091 3345; x_wconf 88' lang='lat' dir='ltr'>de</span> <span class='ocrx_word' id='word_1_213' title='bbox 1114 3280 1188 3345; x_wconf 90' lang='lat' dir='ltr'>unis</span> <span class='ocrx_word' id='word_1_214' title='bbox 1212 3281 1341 3344; x_wconf 88' lang='lat' dir='ltr'>scaenis</span> <span class='ocrx_word' id='word_1_215' title='bbox 1362 3280 1404 3363; x_wconf 83' lang='lat' dir='ltr'>ll,</span> 
     </span>
     <span class='ocr_line' id='line_1_26' title="bbox 256 3395 1403 3481; baseline -0.001 -20"><span class='ocrx_word' id='word_1_216' title='bbox 256 3400 284 3460; x_wconf 72' lang='lat'>2.</span> <span class='ocrx_word' id='word_1_217' title='bbox 308 3396 365 3480; x_wconf 91' lang='lat' dir='ltr'>lV,</span> <span class='ocrx_word' id='word_1_218' title='bbox 392 3400 418 3460; x_wconf 86' lang='lat'>1.</span> <span class='ocrx_word' id='word_1_219' title='bbox 441 3395 481 3478; x_wconf 90' lang='lat' dir='ltr'>V,</span> <span class='ocrx_word' id='word_1_220' title='bbox 508 3398 522 3459; x_wconf 92' lang='grc'><strong>1</strong></span> <span class='ocrx_word' id='word_1_221' title='bbox 549 3400 712 3480; x_wconf 82' lang='lat' dir='ltr'>ageretur,</span> <span class='ocrx_word' id='word_1_222' title='bbox 735 3397 944 3480; x_wconf 90' lang='lat' dir='ltr'>inpromptu</span> <span class='ocrx_word' id='word_1_223' title='bbox 969 3401 1054 3460; x_wconf 91' lang='lat' dir='ltr'>esset</span> <span class='ocrx_word' id='word_1_224' title='bbox 1077 3395 1117 3460; x_wconf 78' lang='lat' dir='ltr'>C·</span> <span class='ocrx_word' id='word_1_225' title='bbox 1142 3395 1222 3459; x_wconf 89' lang='lat' dir='ltr'>illud</span> <span class='ocrx_word' id='word_1_226' title='bbox 1246 3396 1403 3481; x_wconf 86' lang='lat' dir='ltr'>interpre-</span> 
     </span>
     <span class='ocr_line' id='line_1_27' title="bbox 255 3510 1404 3596; baseline 0 -20"><span class='ocrx_word' id='word_1_227' title='bbox 255 3514 315 3576; x_wconf 88' lang='lat' dir='ltr'>tari</span> <span class='ocrx_word' id='word_1_228' title='bbox 346 3527 519 3582; x_wconf 76' lang='lat' dir='ltr'>Casmevn:</span> <span class='ocrx_word' id='word_1_229' title='bbox 553 3515 628 3576; x_wconf 88' lang='lat' dir='ltr'>suut</span> <span class='ocrx_word' id='word_1_230' title='bbox 656 3512 741 3575; x_wconf 89' lang='lat' dir='ltr'>euim</span> <span class='ocrx_word' id='word_1_231' title='bbox 774 3513 836 3575; x_wconf 88' lang='lat' dir='ltr'>ista</span> <span class='ocrx_word' id='word_1_232' title='bbox 869 3534 981 3596; x_wconf 87' lang='lat' dir='ltr'>reapse</span> <span class='ocrx_word' id='word_1_233' title='bbox 1014 3511 1149 3575; x_wconf 88' lang='lat' dir='ltr'>cantica.</span> <span class='ocrx_word' id='word_1_234' title='bbox 1177 3510 1303 3575; x_wconf 88' lang='lat' dir='ltr'>Verum</span> <span class='ocrx_word' id='word_1_235' title='bbox 1334 3536 1404 3576; x_wconf 87' lang='lat' dir='ltr'>eam</span> 
     </span>
     <span class='ocr_line' id='line_1_28' title="bbox 255 3625 1405 3713; baseline -0.001 -20"><span class='ocrx_word' id='word_1_236' title='bbox 255 3629 554 3713; x_wconf 85' lang='lat' dir='ltr'>interpretationem</span> <span class='ocrx_word' id='word_1_237' title='bbox 588 3650 654 3691; x_wconf 88' lang='lat' dir='ltr'>non</span> <span class='ocrx_word' id='word_1_238' title='bbox 691 3627 851 3710; x_wconf 89' lang='lat' dir='ltr'>recipiunt</span> <span class='ocrx_word' id='word_1_239' title='bbox 888 3631 993 3691; x_wconf 86' lang='lat' dir='ltr'>cetera</span> <span class='ocrx_word' id='word_1_240' title='bbox 1026 3627 1180 3709; x_wconf 83' lang='lat' dir='ltr'>exempla.</span> <span class='ocrx_word' id='word_1_241' title='bbox 1213 3625 1253 3690; x_wconf 92' lang='lat' dir='ltr'>ln</span> <span class='ocrx_word' id='word_1_242' title='bbox 1287 3629 1405 3711; x_wconf 83' lang='lat' dir='ltr'>quibus</span> 
     </span>
     <span class='ocr_line' id='line_1_29' title="bbox 256 3742 1406 3828; baseline 0 -21"><span class='ocrx_word' id='word_1_243' title='bbox 256 3767 356 3808; x_wconf 72' lang='lat' dir='ltr'>arnum</span> <span class='ocrx_word' id='word_1_244' title='bbox 388 3749 450 3828; x_wconf 89' lang='lat' dir='ltr'>est,</span> <span class='ocrx_word' id='word_1_245' title='bbox 483 3766 524 3807; x_wconf 88' lang='lat' dir='ltr'>sc.</span> <span class='ocrx_word' id='word_1_246' title='bbox 556 3743 620 3826; x_wconf 94' lang='lat' dir='ltr'>lll,</span> <span class='ocrx_word' id='word_1_247' title='bbox 647 3745 678 3825; x_wconf 89' lang='lat' dir='ltr'>l,</span> <span class='ocrx_word' id='word_1_248' title='bbox 706 3742 766 3805; x_wconf 91' lang='lat' dir='ltr'>hae</span> <span class='ocrx_word' id='word_1_249' title='bbox 794 3765 827 3805; x_wconf 88' lang='lat' dir='ltr'>re</span> <span class='ocrx_word' id='word_1_250' title='bbox 861 3743 1039 3827; x_wconf 86' lang='lat' dir='ltr'>singulare,</span> <span class='ocrx_word' id='word_1_251' title='bbox 1071 3742 1157 3825; x_wconf 89' lang='lat' dir='ltr'>quod</span> <span class='ocrx_word' id='word_1_252' title='bbox 1189 3742 1235 3806; x_wconf 93' lang='lat' dir='ltr'>ibi</span> <span class='ocrx_word' id='word_1_253' title='bbox 1266 3743 1406 3809; x_wconf 86' lang='lat' dir='ltr'>aetionis</span> 
     </span>
     <span class='ocr_line' id='line_1_30' title="bbox 175 3848 1406 3943; baseline 0.002 -22"><span class='ocrx_word' id='word_1_254' title='bbox 175 3848 178 3853; x_wconf 43' lang='lat'>¹</span> <span class='ocrx_word' id='word_1_255' title='bbox 256 3864 344 3922; x_wconf 83' lang='lat' dir='ltr'>certa</span> <span class='ocrx_word' id='word_1_256' title='bbox 373 3860 479 3942; x_wconf 86' lang='lat' dir='ltr'>aliqua</span> <span class='ocrx_word' id='word_1_257' title='bbox 508 3881 608 3943; x_wconf 89' lang='lat' dir='ltr'>pausa</span> <span class='ocrx_word' id='word_1_258' title='bbox 636 3859 686 3940; x_wconf 87' lang='lat' dir='ltr'>fit,</span> <span class='ocrx_word' id='word_1_259' title='bbox 714 3879 810 3940; x_wconf 78' lang='lat' dir='ltr'>quma</span> <span class='ocrx_word' id='word_1_260' title='bbox 839 3862 954 3921; x_wconf 89' lang='lat' dir='ltr'>cantu</span> <span class='ocrx_word' id='word_1_261' title='bbox 983 3857 1125 3921; x_wconf 88' lang='lat' dir='ltr'>tibicinis</span> <span class='ocrx_word' id='word_1_262' title='bbox 1148 3858 1313 3941; x_wconf 86' lang='lat' dir='ltr'>expletam</span> <span class='ocrx_word' id='word_1_263' title='bbox 1337 3882 1406 3924; x_wconf 87' lang='lat' dir='ltr'>esse</span> 
     </span>
     <span class='ocr_line' id='line_1_31' title="bbox 256 3973 1406 4039; baseline 0.003 -4"><span class='ocrx_word' id='word_1_264' title='bbox 256 3973 352 4036; x_wconf 88' lang='lat' dir='ltr'>fidem</span> <span class='ocrx_word' id='word_1_265' title='bbox 375 3974 454 4037; x_wconf 82' lang='lat' dir='ltr'>facit</span> <span class='ocrx_word' id='word_1_266' title='bbox 472 3975 622 4039; x_wconf 79' lang='lat' dir='ltr'>Pseurluli</span> <span class='ocrx_word' id='word_1_267' title='bbox 647 3995 757 4036; x_wconf 87' lang='lat' dir='ltr'>versus</span> <span class='ocrx_word' id='word_1_268' title='bbox 782 3973 859 4036; x_wconf 64' lang='lat'>513:</span> <span class='ocrx_word' id='word_1_269' title='bbox 884 3973 1020 4037; x_wconf 86' lang='lat' dir='ltr'>‘tibicen</span> <span class='ocrx_word' id='word_1_270' title='bbox 1044 3996 1103 4037; x_wconf 92' lang='lat' dir='ltr'>uos</span> <span class='ocrx_word' id='word_1_271' title='bbox 1126 3973 1250 4037; x_wconf 89' lang='lat' dir='ltr'>interea</span> <span class='ocrx_word' id='word_1_272' title='bbox 1274 3974 1330 4038; x_wconf 90' lang='lat' dir='ltr'>bie</span> <span class='ocrx_word' id='word_1_273' title='bbox 1354 3975 1406 4038; x_wconf 88' lang='lat' dir='ltr'>de·</span> 
     </span>
     <span class='ocr_line' id='line_1_32' title="bbox 256 4087 1408 4173; baseline 0.007 -26"><span class='ocrx_word' id='word_1_274' title='bbox 256 4087 449 4151; x_wconf 86' lang='lat' dir='ltr'>lectauerit&#39;.</span> <span class='ocrx_word' id='word_1_275' title='bbox 469 4090 669 4172; x_wconf 80' lang='lat' dir='ltr'>Qrurnrquaru</span> <span class='ocrx_word' id='word_1_276' title='bbox 690 4089 856 4152; x_wconf 79' lang='lat' dir='ltr'>t&#39;ateneluru</span> <span class='ocrx_word' id='word_1_277' title='bbox 877 4094 934 4171; x_wconf 85' lang='lat' dir='ltr'>est,</span> <span class='ocrx_word' id='word_1_278' title='bbox 948 4089 1010 4153; x_wconf 86' lang='lat' dir='ltr'>huc</span> <span class='ocrx_word' id='word_1_279' title='bbox 1032 4090 1057 4152; x_wconf 88' lang='lat' dir='ltr'>si</span> <span class='ocrx_word' id='word_1_280' title='bbox 1078 4090 1238 4153; x_wconf 84' lang='lat' dir='ltr'>referatur</span> <span class='ocrx_word' id='word_1_281' title='bbox 1256 4088 1297 4153; x_wconf 79' lang='lat' dir='ltr'>C·</span> <span class='ocrx_word' id='word_1_282' title='bbox 1319 4098 1408 4173; x_wconf 88' lang='lat' dir='ltr'>nota,</span> 
     </span>
     <span class='ocr_line' id='line_1_33' title="bbox 258 4203 1406 4290; baseline 0.01 -31"><span class='ocrx_word' id='word_1_283' title='bbox 258 4203 433 4280; x_wconf 86' lang='lat' dir='ltr'>exspectari</span> <span class='ocrx_word' id='word_1_284' title='bbox 462 4226 532 4265; x_wconf 89' lang='lat' dir='ltr'>eam</span> <span class='ocrx_word' id='word_1_285' title='bbox 560 4205 593 4268; x_wconf 88' lang='lat' dir='ltr'>in</span> <span class='ocrx_word' id='word_1_286' title='bbox 622 4208 685 4266; x_wconf 86' lang='lat' dir='ltr'>fine</span> <span class='ocrx_word' id='word_1_287' title='bbox 714 4204 821 4287; x_wconf 89' lang='lat' dir='ltr'>potius</span> <span class='ocrx_word' id='word_1_288' title='bbox 850 4205 1024 4288; x_wconf 85' lang='lat' dir='ltr'>superioris</span> <span class='ocrx_word' id='word_1_289' title='bbox 1053 4228 1149 4288; x_wconf 75' lang='lat' dir='ltr'>quruu</span> <span class='ocrx_word' id='word_1_290' title='bbox 1181 4205 1215 4267; x_wconf 88' lang='lat' dir='ltr'>in</span> <span class='ocrx_word' id='word_1_291' title='bbox 1245 4206 1406 4290; x_wconf 85' lang='lat' dir='ltr'>principio</span> 
     </span>
     <span class='ocr_line' id='line_1_34' title="bbox 260 4318 1407 4406; baseline 0.01 -33"><span class='ocrx_word' id='word_1_292' title='bbox 260 4335 361 4375; x_wconf 86' lang='lat' dir='ltr'>novae</span> <span class='ocrx_word' id='word_1_293' title='bbox 386 4336 518 4379; x_wconf 86' lang='lat' dir='ltr'>scaenae</span> <span class='ocrx_word' id='word_1_294' title='bbox 543 4320 690 4400; x_wconf 86' lang='lat' dir='ltr'>positam.</span> <span class='ocrx_word' id='word_1_295' title='bbox 715 4318 776 4382; x_wconf 72' lang='lat' dir='ltr'>sal</span> <span class='ocrx_word' id='word_1_296' title='bbox 800 4319 862 4383; x_wconf 89' lang='lat' dir='ltr'>hoc</span> <span class='ocrx_word' id='word_1_297' title='bbox 887 4325 921 4384; x_wconf 88' lang='lat' dir='ltr'>ut</span> <span class='ocrx_word' id='word_1_298' title='bbox 946 4322 1132 4405; x_wconf 79' lang='lat' dir='ltr'>largiamur,</span> <span class='ocrx_word' id='word_1_299' title='bbox 1156 4323 1188 4383; x_wconf 85' lang='lat' dir='ltr'>at</span> <span class='ocrx_word' id='word_1_300' title='bbox 1214 4320 1248 4384; x_wconf 92' lang='lat' dir='ltr'>in</span> <span class='ocrx_word' id='word_1_301' title='bbox 1272 4322 1407 4406; x_wconf 80' lang='lat' dir='ltr'>reliquis</span> 
     </span>
    </p>
   </div>
   <div class='ocr_carea' id='block_1_5' title="bbox 0 0 1492 5048">
    <p class='ocr_par' dir='ltr' id='par_1_5' title="bbox 0 0 1492 5048">
     <span class='ocr_line' id='line_1_35' title="bbox 0 0 1492 5048; baseline 0 0"><span class='ocrx_word' id='word_1_302' title='bbox 0 0 1492 5048; x_wconf 95' lang='lat' dir='ltr'> </span> 
     </span>
    </p>
   </div>
  </div>
 </body>
</html>
