2932 5452
230 325 320 381 XXVI
699 322 907 379 PRAEFATIO

232 486 335 573 tatur)
367 488 509 572 itemque
544 487 629 572 quod
661 487 834 553 Frontonis
866 490 900 551 et
927 484 1048 550 Donati
1076 484 1303 573 testimonia*)
1336 438 1378 552 ad

233 619 262 660 v.
285 595 350 659 299
374 592 412 659 et
432 595 514 660 1331
540 595 661 659 omissa
685 599 769 679 sunt,
791 595 856 658 iam
884 593 918 657 in
941 591 1118 677 appendice
1141 594 1273 659 correxi.
1314 593 1380 658 De-

232 702 330 786 nique
352 704 481 786 praeter
505 706 653 766 accentus
682 698 725 787 (v.
749 701 824 765 237.
852 700 926 764 242.
954 700 1029 765 434.
1059 701 1131 765 741.
1160 701 1380 767 10441362.

235 805 596 894 1367.1382)aliasque
610 808 834 872 distinctiones
849 804 893 893 (v.
903 803 984 871 raab
993 806 1084 872 clueo.
1095 843 1137 853 —
1148 807 1211 872 391
1223 809 1319 872 naui:
1334 845 1379 855 -

232 915 299 980 412
312 917 382 1001 sien,
404 953 446 962 —
472 916 557 981 1142
571 916 677 980 sciam
701 910 759 999 -)
782 935 848 978 non
871 935 943 978 mea
962 914 1057 997 culpa
1076 914 1214 979 omissas
1233 916 1381 1000 corrigas

233 1046 262 1086 v.
286 1022 349 1087 287
375 1023 407 1086 in
432 1025 586 1087 contextu
609 1021 658 1086 Ita
680 1043 739 1104 pro
762 1019 816 1084 Ito
839 1024 872 1084 et
895 1021 928 1084 in
952 1019 1024 1085 adn.
1044 1019 1084 1084 ad
1107 1043 1136 1085 v.
1155 1019 1221 1086 550
1243 1020 1381 1109 ea.·(pro

234 1125 287 1214 ex)
316 1133 349 1193 et
372 1129 411 1192 ad
435 1151 462 1193 v.
487 1129 552 1194 656
575 1126 730 1194 CXXXI
748 1148 807 1211 pro
831 1126 1032 1193 CXXXIII.
1079 1126 1225 1211 Denique
1248 1129 1382 1194 stellula

234 1235 403 1299 adicienda
424 1234 488 1299 fuit
510 1258 537 1299 v.
560 1235 636 1300 234.
659 1235 830 1300 271424.
854 1234 930 1299 432.
954 1235 1026 1300 778.

322 1339 372 1406 De
391 1341 622 1428 dittographiis
642 1340 833 1426 quibusdam
853 1343 886 1404 et
903 1340 1027 1405 lacunis
1046 1341 1181 1426 aliisque
1200 1341 1281 1407 locis
1295 1342 1382 1407 diffi-

234 1449 398 1515 cilioribus
427 1449 489 1515 etsi
511 1471 577 1514 non
601 1449 763 1529 deessent,
790 1469 870 1533 qnae
898 1448 1065 1513 commode
1087 1448 1150 1514 hoc
1173 1449 1246 1514 loco
1270 1451 1380 1535 dispu-

233 1560 347 1636 tarem,
361 1560 470 1622 tamen
485 1558 581 1620 finem
596 1556 714 1621 faciam
729 1555 914 1640 praefando,
928 1556 1081 1641 quoniam
1091 1556 1221 1640 gravior
1230 1559 1381 1641 quaestio

235 1663 347 1728 critica
365 1686 463 1749 quam
483 1686 580 1748 supra
598 1663 809 1729 tractavimus
828 1661 963 1728 solitum
982 1663 1125 1746 spatium
1142 1661 1210 1727 fere
1229 1663 1383 1747 explevit

236 1768 307 1844 Quo
335 1771 442 1835 minus
474 1771 535 1836 hac
567 1772 733 1836 occasione
761 1770 879 1834 abutar
906 1769 947 1833 ad
979 1769 1204 1834 illustrandam
1232 1766 1384 1854 Seyfferti

235 1897 411 1961 censuram,
435 1899 498 1961 qua
512 1877 563 1942 his
577 1877 657 1960 ipsis
672 1877 783 1941 diebus
798 1876 836 1940 de
851 1874 1061 1959 Captivorum
1076 1876 1218 1940 editione
1237 1876 1382 1942 referens

234 1981 344 2058 πάθος
366 1984 474 2067 potius
498 2006 594 2068 qnam
618 1980 721 2066 λόγον
744 1982 897 2077 prodidit.
928 1981 1032 2057 Quam
1055 2003 1224 2047 censuram
1248 1983 1382 2049 omnino

236 2090 378 2174 iniquam
402 2091 619 2176 iniustamque
647 2112 716 2156 esse
746 2112 784 2155 ex
812 2090 913 2174 ipsius
942 2089 1048 2154 verbis
1077 2087 1215 2172 probare
1237 2112 1383 2175 possum,

234 2195 270 2261 in
294 2197 430 2281 singulis
459 2201 566 2261 autem
595 2197 865 2283 castigationibus
892 2218 959 2261 non
987 2217 1105 2280 paucos
1130 2217 1256 2261 errores
1280 2198 1383 2262 conti·

235 2324 310 2367 nere
339 2304 417 2368 meis
450 2305 652 2390 argumentis
679 2304 782 2368 fretus
812 2303 893 2368 dico.
943 2301 1005 2368 Sed
1033 2324 1106 2368 cum
1134 2305 1202 2367 tam
1226 2326 1260 2368 re
1284 2327 1384 2389 quam

236 2411 341 2475 verbis
374 2412 453 2476 satis
487 2411 656 2476 ostendam
688 2432 739 2474 me
772 2410 956 2474 criticorum
987 2410 1138 2494 plausum
1166 2432 1233 2475 non
1261 2432 1384 2493 curare,

237 2537 277 2580 ne
292 2515 443 2601 Seyfferti
466 2517 609 2603 quidem,
632 2517 723 2582 cuius
745 2516 899 2581 iudicium
923 2517 957 2581 in
981 2516 1093 2580 multis
1117 2515 1229 2600 magni
1253 2515 1383 2600 faciam,

236 2627 269 2687 et
292 2623 383 2688 illam
407 2646 574 2690 censuram
598 2628 631 2689 et
653 2624 735 2688 alias
758 2645 823 2688 non
846 2624 953 2688 minus
976 2624 1116 2708 iniquas,
1144 2643 1226 2707 quas
1249 2629 1320 2686 tam
1344 2623 1383 2687 de

235 2727 382 2814 Captivis
411 2753 507 2814 quam
536 2733 574 2796 de
607 2732 667 2795 hac
699 2731 810 2795 fabula
837 2731 924 2795 edita
946 2733 1110 2814 exspecto,
1142 2750 1246 2813 aequo
1271 2731 1383 2794 animo

236 2837 351 2919 patiar,
374 2838 566 2919 praesertim
586 2838 613 2901 si
628 2842 661 2901 et
674 2836 820 2922 Langeni
835 2841 869 2902 et
882 2837 1026 2901 virorum
1040 2835 1281 2921 primariorum,
1305 2859 1383 2921 quo

236 2964 305 3006 rum
325 2944 507 3008 nom'mibus
531 2944 670 3008 frontem
694 2944 789 3008 huius
814 2944 964 3008 editionis
989 2943 1150 3027 exornavi,
1173 2964 1213 3006 ne
1227 2944 1261 3007 in
1277 2948 1384 3026 poste

237 3068 308 3110 rum
333 3048 461 3133 quidem
483 3071 534 3113 me
558 3049 758 3134 derelinquet
781 3050 925 3134 benigna
948 3050 1139 3114 exhortatio.

325 3198 559 3284 Heidelbergae
583 3224 623 3265 m.
647 3201 731 3266 lulio
757 3225 784 3267 a.
807 3198 1147 3267 MDCCCLXXXVII.

1234 3368 1275 3435 F.
1302 3370 1339 3438 S.

238 3462 449 3472 ----.-.-.

325 3531 351 3599 *)
376 3530 508 3586 Consulto
532 3531 614 3586 omisi
632 3530 781 3586 Frontonis
800 3530 887 3584 verba
904 3547 931 3599 p.
950 3534 999 3597 40,
1018 3526 1077 3583 6N.
1106 3545 1169 3583 cum
1189 3545 1214 3582 v.
1237 3534 1289 3582 115
1310 3547 1382 3583 oom-

235 3614 342 3679 parata.
