2932 5452
156 369 246 423 XVIII
627 364 832 419 I‘ItAItI'Ii'I'IO

155 553 294 612 neantur
311 546 448 631 triginta
466 549 530 609 tres
550 544 682 627 senarii,
700 544 854 629 quattuor
872 542 977 627 vacui,
1001 541 1181 627 septenarii
1198 546 1309 607 autem

155 663 292 749 triginta
315 663 469 747 quinque,
495 681 626 724 necesse
654 663 703 723 est
724 659 840 724 horum
864 658 1122 742 septenariorum
1146 660 1215 723 tres
1237 662 1308 723 tan-

155 784 224 843 turn
248 778 367 842 divisos
395 776 508 858 fuisse,
530 776 580 839 vel
604 775 683 839 edeo
707 774 802 859 duos,
831 775 858 839 ei
880 775 965 839 forte
987 773 1114 839 exstitit
1137 774 1307 839 etiamtum

156 895 189 956 iu
213 892 444 973 Ambrosiano,
468 912 563 974 quem
585 894 660 974 post
683 914 711 954 v.
735 890 801 954 1196
823 889 1024 955 intercidisse
1047 888 1183 954 conieci.
1201 926 1246 935 -
1269 888 1306 953 Iu

156 1009 277 1094 pagina
304 1012 316 1071 1
344 1006 464 1070 divisus
491 1009 541 1070 est
563 1027 647 1069 unus
671 1006 749 1089 643,
776 1005 839 1071 duo
858 985 927 1069 ‘669
950 1008 985 1068 et
1007 1004 1074 1069 670
1094 1004 1131 1068 in
1155 1026 1187 1089 p.
1211 1006 1243 1069 2.
1266 1040 1305 1051 -

158 1124 281 1209 Pagina
305 1122 336 1185 (l
359 1121 541 1206 pertinebat
564 1143 584 1185 a
606 1144 634 1184 v.
660 1122 724 1184 774
746 1121 787 1185 ed
816 1120 881 1185 792
904 1116 1079 1207 (siquidem
1100 1120 1145 1183 ab
1169 1119 1304 1185 Ambro-

156 1241 248 1304 siano
272 1238 391 1303 afuisse
414 1238 565 1301 miserum
585 1236 841 1301 additamentum
864 1235 943 1301 illud
966 1234 1119 1299 credibile
1143 1238 1204 1318 est,
1221 1234 1304 1320 quod

156 1354 254 1437 vulgo
276 1352 415 1417 hebetur
438 1353 522 1417 inter
545 1374 573 1415 v.
599 1353 662 1416 788
690 1356 723 1416 et
747 1352 811 1416 789
839 1350 901 1415 Sed
919 1371 1010 1432 quom
1032 1351 1214 1432 obsipnulus
1227 1399 1235 1414 .
1249 1399 1257 1413 .
1270 1348 1303 1433 .);

156 1470 277 1553 pagina
300 1490 322 1550 11
349 1490 368 1530 a
395 1489 424 1530 v.
449 1466 513 1530 793
541 1466 582 1530 ad
610 1468 683 1530 811.
706 1464 761 1529 Ab
782 1465 844 1531 hoe
867 1487 960 1531 versu
983 1465 1024 1530 ad
1047 1465 1147 1531 finem
1170 1486 1301 1531 scaenm

159 1561 214 1647 111Ι
230 1588 321 1647 actus
353 1581 402 1646 III
434 1604 507 1646 cum
544 1586 617 1647 octo
655 1581 773 1646 senarii
805 1582 968 1666 supersint
1003 1578 1159 1666 (quorum
1196 1586 1298 1645 temen

157 1721 222 1764 uno
247 1699 311 1763 816
334 1697 472 1763 fortasse
496 1697 600 1761 sensit
622 1693 888 1783 Ambrosianus),
915 1696 1022 1779 quarti
1046 1700 1157 1761 autem
1179 1700 1296 1783 qnater·

157 1814 264 1879 nionis
288 1813 409 1897 pagine
436 1813 473 1875 17
499 1834 518 1875 a
541 1834 569 1876 v.
584 1812 650 1876 835
673 1811 820 1897 incipiet,
842 1811 1051 1896 consequitur
1068 1816 1106 1875 ut
1124 1812 1161 1877 in
1177 1811 1293 1898 paginis

111 1905 116 1913 ι
161 1930 197 1993 II
202 1930 222 1992 11.
250 1929 318 1992 eius
346 1927 477 2007 cantici,
504 1950 524 1990 a
556 1950 620 2011 quo
654 1931 745 1993 actus
772 1927 820 1993 IV
848 1927 985 2011 orditur,
1016 1925 1115 2011 primi
1147 1926 1290 1992 octonarii

158 2044 296 2109 sedecim
323 2041 434 2125 scripti
461 2040 582 2106 suerint
609 2064 667 2126 per
694 2045 767 2108 octo
795 2047 827 2107 et
855 2041 970 2127 viginti
993 2062 1119 2106 versust
1147 2039 1288 2127 quemad

159 2159 302 2242 modum,
330 2156 385 2241 qui
412 2156 446 2219 in
478 2157 598 2241 pagina
629 2159 667 2222 17
697 2157 937 2243 subsequuntur
968 2178 1042 2221 cum
1074 2158 1163 2222 exitu
1195 2176 1290 2223 versus

159 2272 262 2359 8355)
292 2294 346 2337 sex
374 2272 531 2336 octonarii
559 2273 692 2337 extremi
716 2273 784 2338 eius
807 2294 954 2355 scaenae,
981 2271 1133 2337 undecim
1157 2292 1304 2339 ramnum

160 2390 265 2474 spatia
287 2389 435 2472 implent,
459 2387 577 2471 quippe
601 2388 761 2471 bipertitis
780 2411 808 2453 v.
823 2388 886 2453 837
907 2388 1175 2472 assassinis
1197 2392 1320 2455 autern

159 2505 284 2570 duobus
298 2526 369 2569 eam
384 2502 522 2587 speciem
540 2502 755 2568 referentibus
768 2526 865 2589 quam
882 2502 955 2568 adn.
974 2526 1005 2587 p.
1021 2505 1084 2568 112
1104 2509 1182 2569 ante
1196 2504 1333 2571 ocutos

160 2620 261 2703 posui.
284 2618 354 2685 Hos
377 2623 485 2683 autem
509 2618 564 2701 qui
587 2619 622 2682 in
645 2619 756 2684 eadem
779 2619 900 2705 pagina
921 2621 960 2684 17
981 2640 1037 2683 sex
1056 2619 1231 2703 septenarii
1251 2629 1333 2681 εξ

160 2736 292 2818 cipiunt,
316 2757 426 2799 eorum
449 2734 581 2798 ult-imus
605 2750 744 2791 cassius
769 2733 901 2799 vocibus
923 2735 1130 2818 terminatur,
1152 2736 1333 2819 proxim

161 2864 423 2906 nascnnmsnnms
447 2849 481 2911 in
504 2849 658 2932 peginam
681 2850 719 2913 18
738 2850 888 2931 traiectis,
911 2851 945 2913 in
964 2872 1028 2933 qua
1051 2855 1250 2934 praetereat
1277 2856 1333 2909 -J

161 2962 332 3044 septenarii
361 2984 417 3045 per
444 2963 538 3028 binos
565 2986 676 3028 versus
709 2965 879 3047 pertinent.
907 3002 947 3011 —-
977 2964 1059 3029 Item
1086 2970 1138 3030 ter
1169 2967 1333 3031 divise

161 3082 209 3139 est
232 3076 265 3139 in
291 3079 479 3159 septenariis
503 3079 642 3164 paginae
666 3080 722 3143 31:
746 3103 774 3144 v.
803 3082 893 3145 1046.
921 3081 1013 3144 1049.
1039 3082 1140 3165 10553
1164 3082 1212 3146 bis
1232 3088 1255 3144 a
1274 3084 1330 3143 1

161 3197 230 3253 tum
254 3192 286 3253 111
312 3193 415 3274 11321
440 3218 468 3257 v.
486 3196 570 3271 1071)
594 3200 626 3258 et
654 3196 746 3277 1078,
769 3195 808 3259 de
832 3218 895 3279 quo
918 3195 1116 3261 conserenda
1138 3198 1333 3262 ednotaed

161 3311 281 3370 nostre.
310 3344 349 3352 —-
375 3307 473 3372 Vides
502 3310 533 3371 in
563 3310 613 3373 his
638 3310 766 3394 quidem
790 3311 939 3375 omnibus
962 3311 1002 3374 ad
1026 3313 1157 3394 plenam
1179 3333 1333 3377 matre

161 3444 231 3486 ram
253 3422 335 3485 nihil
358 3446 493 3506 usquam
518 3426 567 3489 vel
591 3424 700 3489 deesse
724 3427 773 3490 vel
797 3448 971 3509 superesse.
1067 3504 1074 3519 Ι

250 3654 435 3720 Transactis
463 3656 574 3740 igitur,
602 3657 636 3720 iu
664 3658 780 3741 quibus
803 3657 884 3721 nihil
908 3658 1143 3743 discrepantiae
1165 3662 1267 3726 offer.
1285 3680 1333 3717 ε

162 3792 242 3854 mus,
265 3771 305 3834 ad
329 3772 525 3835 eontrarium
548 3792 651 3857 genus
674 3773 906 3837 transeundum
930 3778 988 3838 est.
1011 3773 1057 3838 Et
1074 3776 1211 3859 primum

162 3885 233 3949 dem
266 3887 300 3949 in
332 3887 440 3950 tertii
474 3888 742 3969 quaternionis
775 3888 865 3954 LVII
899 3910 953 3953 eas
981 3890 1197 3975 membranas,
1221 3906 1333 3968 -ql

161 4001 230 4077 Ee,
253 4002 313 4081 ss
329 4002 445 4066 litteris
474 4003 686 4088 signavimus,
713 4025 780 4069 non
808 4003 945 4088 quadret
972 4005 1058 4069 illius
1082 4007 1182 4089 partis
1203 4005 1333 4072 atzab)

162 4118 215 4176 tus
243 4110 329 4197 (quae
351 4118 436 4181 inter
463 4119 591 4182 fabulae
619 4141 729 4183 versus
757 4120 819 4183 671
849 4125 881 4183 et
911 4120 973 4183 736
1002 4143 1089 4185 nunc
1117 4127 1165 4185 est
1191 4116 1314 4193 medi,

204 4274 238 4279 —-
256 4274 373 4284 *-

248 4358 274 4426 *)
293 4359 328 4409 do
347 4378 402 4428 quo
421 4363 485 4417 vido
504 4364 721 4420 adnotationem.
