2932 5452
626 784 833 843 PRAEFATIO
1189 787 1306 843 xxxin

249 962 437 1031 Versuum
460 964 546 1030 inter
574 986 607 1031 se
631 966 937 1053 distinctionem,
960 990 1056 1052 quam
1079 971 1207 1053 praeter
1228 991 1306 1052 pau·

160 1080 250 1146 culos
272 1102 406 1147 scaenas
429 1081 564 1146 senariis
587 1082 723 1166 scriptas
746 1083 869 1147 nullam
893 1082 1120 1177 ‘Deourtatus’
1145 1105 1218 1147 eum
1242 1082 1306 1148 Va·

160 1197 270 1262 ticauo
296 1197 432 1282 habent,
459 1218 533 1261 cum
560 1219 627 1263 non
653 1197 888 1263 Ambrosianus
916 1201 1058 1283 tantum,
1085 1198 1140 1263 scd
1167 1199 1306 1283 plerum·

161 1310 262 1399 que*)
294 1312 393 1377 ctiam
424 1311 561 1377 ‘Vetus'
595 1312 695 1378 codex
730 1317 848 1398 servet,
883 1313 980 1378 huius
1016 1314 1118 1398 ipsius
1150 1314 1305 1378 beneficio

160 1427 284 1492 factum
306 1431 358 1492 est
378 1431 429 1513 ut,
450 1450 533 1512 quae
555 1428 630 1492 inde
658 1450 678 1492 a
700 1427 825 1493 Merula
847 1433 1013 1512 tamquam
1035 1429 1209 1494 indiscreta
1231 1452 1305 1496 con·

162 1543 267 1629 geries
298 1542 469 1609 verborum
500 1541 723 1609 Plautinorum
760 1536 946 1628 haberetur,
981 1543 1111 1629 Pyladis
1148 1567 1186 1609 ca
1222 1546 1306 1609 curis

163 1658 273 1743 aliqua
299 1660 427 1723 tantum
455 1679 494 1723 ex
521 1662 613 1743 parte
639 1659 818 1744 imparique
846 1681 994 1725 successu
1023 1660 1125 1745 digeri
1152 1665 1248 1745 atque
1272 1661 1304 1724 in

164 1773 310 1839 ordinem
327 1773 430 1859 redigi
448 1776 576 1858 coepta,
599 1771 772 1840 Camerarii
796 1775 924 1840 demum
948 1797 1046 1859 opera
1068 1775 1172 1840 iustae
1186 1775 1305 1839 dimen-

164 1888 248 1954 sioni
275 1889 466 1975 singillatim
493 1889 719 1974 discriptorum
742 1912 892 1955 versuum
919 1890 1054 1955 cederet.
1076 1890 1198 1955 Verum
1226 1891 1306 1955 haec

163 2009 273 2071 tamen
300 2004 372 2070 laus
399 2004 440 2070 ad
467 2026 521 2070 eas
549 2009 678 2070 tantum
705 2006 888 2071 fabularum
919 2009 1027 2089 partes
1057 2006 1198 2090 pertinet
1225 2028 1306 2091 quae
1396 1989 1397 1992 Ἴ

164 2121 366 2187 sermonibus
398 2120 623 2186 continentur:
655 2121 785 2206 quando
816 2121 851 2185 in
883 2121 1047 2187 canticis
1079 2122 1157 2185 satis
1192 2121 1307 2186 habuit

164 2234 367 2302 Camerarius
394 2236 560 2321 vulgatam
588 2239 664 2301 ante
692 2258 725 2300 se
748 2257 898 2301 versuum
922 2235 1168 2302 continuitatem
1191 2258 1305 2321 propa-

163 2372 251 2439 gare,
273 2351 377 2437 qualis
400 2373 418 2414 e
441 2350 601 2417 Vaticano
625 2351 733 2417 codice
752 2354 948 2416 manaverat.
966 2351 1011 2416 Et
1029 2356 1138 2416 tamen
1156 2350 1209 2415 hic
1227 2373 1305 2435 quo·

163 2489 226 2551 que
248 2467 302 2532 ille
324 2466 498 2551 plurimum
522 2467 629 2551 potuit
651 2466 811 2532 eVeteris
834 2466 988 2532 memoria
1011 2466 1177 2551 proficere:
1200 2467 1255 2550 qui
1278 2467 1305 2530 si

162 2584 198 2647 in
219 2582 282 2647 hoc
306 2602 422 2668 genere
445 2602 512 2648 non
535 2583 681 2648 credetur
703 2584 806 2667 ipsam
831 2587 944 2666 poetae
962 2604 1094 2646 manmn
1116 2582 1234 2665 ubique
1259 2603 1305 2643 rc·

118 2707 120 2711 ‘
162 2698 261 2781 farre,
283 2702 318 2762 at
340 2697 381 2761 ad
405 2719 476 2761 eam
498 2697 752 2782 redipisceudam
771 2697 950 2761 utilissimis
969 2697 1083 2761 ducere
1105 2697 1232 2761 indiciis
1256 2719 1304 2760 so·

162 2814 208 2878 let
233 2834 294 2877 nec
320 2834 394 2877 raro
422 2813 463 2876 ab
490 2813 546 2877 illa
573 2813 706 2898 propius
733 2834 829 2897 quam
856 2813 925 2897 ipse
948 2811 1182 2876 Ambrosianus
1206 2811 1305 2875 abest.

162 2927 365 3012 Quamquam
388 2928 422 2992 in
446 2928 546 3012 ipsius
570 2928 749 2993 Trinummi
775 2928 908 2993 canticis
931 2928 994 2992 illis
999 2979 1008 3012 ,
1031 2949 1051 2990 a
1074 2927 1189 3010 quibus
1213 2931 1304 2990 actus

161 3042 195 3106 ΙΙ
219 3043 356 3128 orditur,
379 3043 607 3108 intercedentis
630 3044 714 3108 inter
737 3048 907 3127 utrumque
930 3043 1047 3107 librum
1071 3041 1304 3126 discrepantiae

162 3181 276 3224 caussa
303 3158 449 3242 ratioque
476 3159 645 3243 potissima
667 3160 747 3223 haec
770 3163 819 3223 cst
842 3159 941 3242 quod,
964 3179 1045 3242 quos
1068 3179 1178 3222 versus
1201 3156 1304 3221 Vetus

161 3274 352 3360 singillatim
375 3275 522 3359 scriptos,
544 3296 599 3339 eos
617 3274 852 3340 Ambrosianus
875 3274 1024 3337 binorum
1048 3273 1083 3336 in
1106 3295 1206 3336 unum
1230 3294 1304 3337 con-

160 3389 320 3455 tractione
347 3389 554 3454 continuatos
582 3390 719 3454 exhibet.
742 3390 779 3453 Id
804 3394 911 3455 autem
935 3411 1030 3455 omne
1056 3389 1208 3472 quoniam
1237 3410 1302 3453 non

160 3505 269 3590 potrnt
281 3505 348 3570 ullo
363 3505 458 3570 modo
477 3527 535 3590 per
554 3505 772 3570 adnotationis
788 3506 956 3591 angustias
970 3505 1049 3569 satis
1063 3504 1115 3568 vel
1138 3505 1231 3588 plene
1254 3505 1304 3567 vel

158 3620 258 3706 plane
275 3620 370 3706 quale
389 3625 474 3685 esset
492 3621 622 3706 aperiri,
640 3621 768 3706 integra
786 3621 931 3686 codicum
950 3620 1096 3704 exempla
1119 3620 1306 3683 subicienda

159 3737 272 3821 putavi
291 3741 413 3822 quanta
431 3736 538 3820 potuit
559 3736 622 3800 fide
645 3758 807 3821 expressa:
831 3737 969 3820 primum
988 3734 1209 3818 Ambrosiani,
1228 3736 1304 3798 alte-

159 3874 234 3916 rum
264 3850 406 3936 Veteris,
442 3851 521 3916 illud
554 3849 779 3935 Studemnndi,
816 3852 878 3916 hoc
911 3850 1043 3915 Hinckii
1071 3851 1185 3913 merito
1218 3871 1304 3912 nunc

159 3967 327 4051 aliquanto
351 3989 448 4051 quam
476 3967 553 4032 clim
581 3967 792 4031 accuratiora:
816 3966 912 4030 tertio
934 3966 1006 4028 loco
1025 3964 1202 4027 Decurtati.
1221 3963 1304 4037 Quo-

158 4105 233 4147 rum
250 4083 468 4167 exemplorum
486 4082 572 4146 inter
589 4105 622 4147 sc
642 4082 825 4147 conlatione
844 4080 948 4162 simul,
966 4101 1023 4162 por
1041 4099 1121 4160 quos
1140 4081 1304 4160 tamquam

158 4197 280 4284 gradus
307 4199 508 4262 saeculorum
531 4197 665 4262 decursu
695 4196 881 4282 depravatio
905 4193 1069 4278 serpserit,
1092 4193 1214 4255 utiliter
1236 4214 1305 4256 esse

159 4316 237 4378 ante
265 4314 375 4379 oculos
403 4313 545 4397 positum
573 4314 728 4378 existimo.

245 4533 272 4600 *J
295 4532 370 4587 uara
392 4534 458 4586 sunt
480 4532 568 4597 enim,
592 4531 615 4583 si
638 4548 654 4584 a
676 4528 828 4583 levioribus
846 4526 1014 4597 quibusdam
1032 4525 1184 4589 erroribus,
1208 4525 1305 4594 quales

157 4619 246 4674 etiam
264 4618 294 4671 in
305 4617 471 4671 Trinummo
488 4616 656 4672 offendimus
674 4617 717 4682 (ut
735 4632 760 4667 v.
774 4622 797 4669 3.
814 4616 1001 4678 rrae-1124),
1020 4611 1186 4676 discesseris,
1205 4611 1304 4664 talium

155 4703 306 4758 turbarum
333 4704 464 4772 exempla
485 4703 569 4757 latius
592 4701 764 4771 patentium,
792 4699 889 4767 quales
912 4699 940 4751 in
965 4696 1104 4751 Pseudulo
1131 4695 1305 4764 potissimum

155 4789 306 4859 designavi
323 4787 506 4858 praelationis
523 4805 550 4856 p.
569 4806 607 4840 ιιι
625 4805 664 4855 sq.

211 4912 290 4955 Plauti
304 4911 365 4953 Com.
380 4912 397 4965 1,
413 4913 431 4952 1.
446 4911 485 4952 A'ri
487 4922 590 4952 uuuuuu
1065 4908 1079 4943 c·
