2932 5452
525 709 730 767 PRAEFATIO
1127 738 1201 779 xm

143 875 289 962 Itemque
321 900 350 943 v.
378 878 442 943 888
474 875 559 960 quod
596 877 707 940 Veram
742 895 833 957 parom
863 875 992 960 reposui
1023 875 1103 968 (Qua
1133 896 1202 941 cum

52 985 146 1069 libri)
175 984 297 1069 aliquid
326 985 478 1069 praesidii
507 984 580 1047 inde
609 983 727 1066 accipit
756 983 841 1066 quod
869 985 1014 1068 proxime
1038 984 1202 1067 praecedit

52 1092 192 1173 auferre
214 1092 294 1156 mire
318 1092 529 1175 depravatum
553 1112 591 1153 ex
615 1090 730 1170 aufero.

143 1215 251 1280 Minus
275 1215 373 1281 etiam
398 1215 551 1279 audaciae
576 1214 695 1278 crimen
719 1234 842 1298 vereor,
867 1215 953 1298 quod
972 1239 1000 1279 v.
1015 1215 1079 1280 927
1104 1215 1202 1299 sylla·

54 1376 114 1441 bas
139 1397 236 1442 mona
258 1378 294 1440 ui
317 1374 379 1462 (sic
398 1374 430 1459 0,
452 1377 603 1440 mancat
622 1377 654 1439 ia
673 1374 693 1438 i.
712 1396 737 1439 e.
756 1336 886 1459 idria)
907 1375 1096 1458 simpliciter
1116 1375 1203 1458 eieci,

55 1505 130 1548 cum
157 1483 281 1547 frustra
309 1483 407 1547 ceteri
436 1482 618 1547 studuerint
645 1482 693 1546 ita
720 1503 788 1546 arca
815 1503 911 1546 rrrauu
941 1504 1012 1545 cum
1040 1481 1202 1547 machaera

55 1589 263 1675 coniungere,
285 1595 322 1654 ut
344 1589 569 1654 consuetudini
594 1588 787 1672 respondeat
810 1588 940 1652 locutio.
987 1588 1070 1664 Quid
1094 1588 1202 1652 enim?

54 1697 202 1782 proxime
216 1697 381 1781 praecedit
395 1721 424 1761 v.
439 1696 503 1760 926
518 1697 635 1760 abstine
652 1696 707 1760 boc
722 1698 831 1761 oralia·
844 1717 950 1777 lacau,
970 1695 1054 1759 utin
1071 1698 1203 1760 aronaui

58 1803 162 1868 lateat
183 1803 235 1867 vel
258 1805 323 1869 iam
346 1823 411 1868 non
436 1804 538 1869 lateat
560 1824 689 1867 caronam
714 1807 905 1868 correctura.

145 1909 269 1975 Iterum
298 1912 471 1976 coniuncta
493 1932 565 1973 cum
595 1932 671 1974 vera
695 1912 855 1994 scriptura
879 1910 1086 1994 interpolatio
1116 1915 1204 1976 extat

54 2041 83 2083 v.
110 2018 188 2101 109,
216 2019 272 2083 ubi
295 2040 368 2082 cum
384 2040 464 2100 pars
488 2041 549 2082 vox
573 2016 623 2102 (ct
644 2040 737 2099 pars
762 2016 977 2102 spactatoram)
1002 2017 1042 2082 ad
1066 2019 1202 2081 alteram

55 2146 230 2208 personam
253 2124 389 2208 pluralis
413 2124 582 2189 referenda
606 2128 663 2187 aut
691 2127 776 2188 essct
804 2124 1060 2208 autumaretur,
1087 2125 1202 2208 aliquis

55 2231 230 2316 adscripsit
251 2237 284 2295 ct
305 2232 351 2313 (ec
373 2231 416 2309 B,
438 2231 512 2294 lace
534 2229 607 2313 OD)
630 2230 735 2315 aos¹t

10 2331 16 2347 ’
146 2336 275 2422 Agmen
305 2338 456 2402 claudant
484 2359 513 2400 v.
538 2337 580 2400 74
609 2341 641 2401 ct
675 2339 745 2400 172.
798 2336 845 2402 Ac
875 2337 982 2420 priore
1015 2336 1086 2400 loco
1119 2337 1203 2420 quod

58 2448 136 2528 post
153 2446 190 2508 a'a
207 2464 319 2527 mapao
331 2445 447 2527 popa-lo
466 2448 555 2508 extat
573 2444 866 2521 irradiatam-irritae,
886 2445 1002 2508 mirum
1023 2449 1073 2509 est
1092 2466 1203 2508 omnes

54 2551 231 2615 boaria-abra
246 2573 390 2616 servasse
400 2556 545 2616 correcto
558 2549 621 2635 (iu)
637 2552 754 2615 attritis:
766 2551 850 2635 quod
860 2551 1142 2636 languidissimum
1154 2557 1203 2616 est

55 2657 98 2723 ad
116 2660 152 2722 ia
171 2679 282 2741 mapale
295 2658 411 2740 poprdo
431 2657 694 2722 additamentum.
732 2657 853 2722 Contra
872 2658 906 2721 in
924 2659 1036 2721 rrralicr
1054 2660 1203 2723 vocabuli

55 2766 215 2831 memoria
229 2765 296 2829 veri
316 2765 438 2848 aliquid
458 2765 559 2828 latare
578 2765 812 2829 sententiarum
831 2785 970 2828 conexus
986 2764 1202 2829 demonstrat:

54 2893 134 2936 nam
157 2873 190 2935 in
214 2871 320 2935 verbis
343 2891 451 2935 ornare
473 2875 587 2952 oportet
608 2892 711 2936 omues
732 2872 787 2952 qai
808 2873 890 2952 qaod
915 2873 987 2935 dart
1012 2870 1122 2934 leuben-t
1149 2873 1203 2935 ob-

54 2978 178 3043 iectum
196 2979 379 3042 necessario
400 2998 503 3043 oniaco
526 2983 585 3061 est,
608 2983 645 3042 ut
668 2978 805 3043 subiecti
825 2979 844 3043 i.
863 3001 889 3043 e.
908 2979 1087 3042 meretricis
1107 2978 1203 3063 signi·

55 3084 168 3148 ficatio
192 3083 401 3149 desideretur.
437 3082 507 3148 Iam
531 3106 603 3148 cum
627 3085 794 3167 proximus
815 3108 923 3150 versus
949 3085 991 3149 75
1009 3086 1203 3150 terminetur

54 3190 167 3255 verbis
185 3192 276 3255 arietis
297 3191 475 3268 teostitae,
498 3213 563 3255 non
592 3191 704 3256 dubito
729 3192 807 3275 quin
829 3191 1004 3257 boariaibas
1022 3193 1041 3256 i.
1061 3213 1087 3257 e.
1106 3194 1204 3256 oucul-

55 3297 113 3360 bas
137 3297 206 3360 sive
229 3298 390 3381 scriptura
413 3299 597 3382 discrepans
621 3298 726 3382 (uictis
744 3297 898 3383 anstais)
918 3300 985 3364 sive
1005 3298 1203 3362 additamen-

54 3459 271 3469 β...-

54 3580 122 3617 vare
153 3561 285 3617 anhsius
315 3562 444 3617 reddidit.
482 3561 569 3616 Versu
595 3564 689 3616 autem
719 3569 769 3616 7¹23
798 3580 862 3616 cum
889 3566 1002 3622 auctore
1029 3569 1202 3625 Buechelero

54 3643 177 3698 creticos
201 3642 336 3697 affectans
359 3659 472 3696 mrcsscm
500 3644 667 3711 temptarem
692 3661 742 3711 pro
766 3650 963 3714 uoa·musset‚
993 3649 1131 3716 particula
1154 3666 1201 3703 ne·

54 3723 157 3794 gativa
175 3739 230 3776 non
249 3723 340 3776 minus
360 3723 429 3777 benc
445 3723 510 3776 addi
525 3723 649 3791 potuisse
663 3722 812 3775 vidcbatur
831 3741 864 3777 ex
884 3724 1098 3794 interpolatione
1117 3746 1203 3797 quam

54 3823 92 3859 ex
116 3807 289 3856 correctura:
313 3821 378 3856 nam
398 3823 423 3857 v.
446 3809 495 3856 721
520 3804 616 3856 nobis
639 3809 716 3855 asrrst
734 3804 813 3855 uobis
837 3803 1030 3872 corrigendum
1055 3812 1115 3862 erat
1137 3826 1203 3863 aon

53 3888 137 3936 usust
155 3883 234 3936 orodis
251 3885 288 3948 is;
308 3884 399 3952 ipsum
419 3900 485 3937 vero
504 3886 637 3936 raasson?
657 3882 797 3949 siguificat
814 3899 871 3936 aaa
890 3901 1010 3940 arrrsscm.

134 3966 159 4031 1)
180 3962 298 4019 Omnino
322 3967 415 4018 autem
439 3964 513 4031 quod
536 3964 565 4016 in
590 3963 642 4017 hac
665 3963 743 4031 parto
766 3963 802 4015 ad
826 3965 998 4032 spectatores
1017 3982 1047 4020 se
1066 3965 1205 4019 convertit

55 4042 238 4117 Astaphium,
259 4044 299 4096 sic
317 4044 429 4097 demum
450 4061 567 4098 acumen
585 4042 697 4111 accipit,
717 4042 740 4095 si
758 4043 831 4096 inter
845 4041 920 4112 ipsos
935 4047 1108 4113 spectatores
1127 4045 1203 4099 illius

55 4121 140 4175 modi
158 4124 284 4191 gerronis
308 4124 542 4193 congerronisquo
567 4124 691 4178 adsidere
716 4123 809 4177 innuit
832 4141 865 4177 ex
887 4123 984 4180 ‘aurea
1002 4126 1107 4181 Rornae
1127 4126 1204 4179 urbis

54 4203 233 4258 iuventute’:
262 4220 348 4272 quare
375 4223 408 4257 ex
434 4205 524 4258 scistis
548 4206 609 4273 poli
630 4205 688 4272 (pol
712 4203 779 4269 cb)
806 4202 885 4257 offeci
908 4206 961 4257 scis
983 4207 1019 4260 tis
1042 4205 1069 4274 (i.
1095 4223 1118 4261 e.
1138 4207 1204 4275 tuis)

54 4282 165 4353 spoliis.
203 4283 379 4353 Quamquam
393 4283 725 4338 nescioanv.109*llt
741 4299 836 4337 omnes
852 4283 1009 4337 catalectici
1023 4285 1088 4349 sint,
1108 4284 1205 4351 quales

55 4363 88 4416 in
118 4362 301 4418 adnotatione
329 4365 469 4434 proposui.
506 4364 605 4419 Totum
630 4366 722 4418 autem
747 4365 819 4416 hanc
838 4362 1006 4431 particulam
1025 4364 1061 4416 ad
1080 4362 1206 4433 harpasli

55 4442 275 4498 similitudinem
303 4449 430 4515 spectare
453 4449 549 4511 teneo,
571 4446 645 4499 unde
669 4443 775 4512 optime
800 4445 829 4496 et
855 4443 948 4496 cetera
975 4443 1150 4513 explicantur
1175 4446 1204 4497 et

55 4525 181 4591 sartores
201 4525 357 4593 (sectorum)
376 4526 412 4579 ad
431 4527 547 4592 factores
566 4527 736 4579 revocantur.
768 4522 847 4588 Quod
862 4523 1029 4577 vocabulum
1044 4524 1101 4578 scio
1115 4541 1204 4594 nuper

57 4602 246 4658 addubitasse
266 4605 450 4660 Ribbeokiurn
470 4605 499 4658 in
520 4604 640 4675 egregiis
659 4604 694 4657 ad
709 4601 903 4657 Curculionem
923 4603 1109 4658 coniectaueis
1127 4620 1153 4671 p.
1170 4609 1204 4658 88

56 4683 121 4737 illic
141 4701 165 4735 r.
186 4689 237 4737 797
257 4690 380 4753 captores
399 4686 518 4739 suadens
537 4688 580 4751 (ut
597 4684 955 4753 Guyetusrrucu1.v.urr
975 4685 1110 4753 capt-ricc).
1148 4684 1204 4737 Sed

56 4763 120 4818 alia
137 4766 170 4817 ut
188 4763 309 4833 mittam,
328 4781 425 4820 revera
443 4765 486 4818 illi
507 4765 636 4820 ‘faciunt’
656 4763 762 4832 ludum,
782 4781 864 4833 quem
879 4765 986 4819 dotores
1005 4765 1137 4833 excitant,
1156 4782 1203 4820 ne-

57 4859 116 4916 que
136 4843 231 4898 aliana
249 4847 291 4900 est
306 4845 466 4901 ‘factionis’·
480 4845 565 4902 notio.
