2932 5452
162 360 236 402 xxa
631 329 835 387 unianimo

250 495 315 561 Tot
338 518 451 560 versus
475 495 637 580 congessi,
665 494 782 580 quibus
807 496 1002 579 pronomina
1023 495 1095 561 suis
1117 494 1198 561 locis
1220 498 1300 561 mota

162 604 277 668 alienis
287 604 382 669 illata
395 604 470 669 sint.
484 602 648 667 Accedant
659 606 765 667 cetera
775 602 870 667 huius
880 601 1148 688 interpolationis
1157 603 1299 687 exempla

254 710 362 793 Atque
376 732 404 775 v.
418 710 461 774 62
477 709 562 794 (quod
580 706 674 795 aaa)
691 712 855 791 orrtepor'ta
874 708 995 792 protuli
1013 731 1075 794 pro
1093 731 1180 775 unae
1195 708 1301 797 (sicB,

161 819 242 881 eunde
260 814 343 902 OD),
366 838 404 882 ue
426 839 485 900 pro
504 838 604 901 prava
623 819 807 881 correctura
824 837 869 880 cen
886 814 1072 881 litterarum
1090 815 1208 903 babeo,
1229 838 1301 902 quae

162 947 235 990 cum
256 923 296 989 ad
315 945 398 989 cinno
417 924 574 989 conflatae
593 927 712 1008 essent,
735 923 837 989 crevit
855 923 889 987 in
901 920 976 1002 01),
999 926 1036 989 ut
1053 922 1195 1011 saepius,
1215 923 1301 989 inter

161 1030 326 1117 polati0.¹)

252 1137 375 1202 Eadem
398 1160 436 1202 uc
458 1137 618 1221 particula
642 1139 772 1222 saepius
794 1136 909 1202 turbas
932 1135 1031 1202 dedit
1074 1136 1179 1205 Velut
1200 1162 1228 1204 v.
1244 1139 1302 1204 440

162 1266 204 1309 ne
222 1247 314 1310 astruat
332 1249 422 1309 extat
441 1268 498 1330 pro
517 1247 709 1329 (decandidat,
731 1244 815 1329 quod
835 1244 890 1329 qui
909 1243 989 1310 oriri
1007 1244 1119 1329 potuit
1140 1245 1208 1311 nisi
1227 1244 1301 1329 inde,

162 1352 247 1436 quod
265 1374 303 1417 ae
322 1375 349 1416 v.
369 1353 434 1416 443
459 1352 676 1416 desideratum
699 1355 776 1435 post
797 1349 880 1437 eyn)
902 1352 1013 1418 locum
1034 1352 1112 1417 dum
1134 1352 1300 1438 particulae

164 1460 355 1545 occupavit?

250 1565 290 1632 V.
312 1566 466 1632 508⁰icnu
494 1571 640 1649 rrtwrucst
666 1568 770 1631 iamne
797 1565 915 1649 le(c)tet
943 1566 1092 1649 ῑεῃὸωιεηι
1118 1566 1297 1650 particulam

161 1674 257 1739 alteri
280 1675 425 1740 membro
449 1675 635 1739 adiunctam
654 1675 707 1739 vix
731 1678 817 1738 recte
841 1673 1029 1738 retinueris:
1052 1696 1157 1758 quare
1179 1678 1234 1740 aut
1248 1696 1297 1759 pro

161 1781 358 1865 interpolata
384 1781 520 1845 habebis
551 1786 623 1864 aut,
656 1781 683 1844 si
715 1784 802 1845 recte
836 1781 927 1845 Ietat
957 1778 1145 1865 (lepioaeru)
1176 1780 1294 1847 verbm

162 1941 421 2025 magnificentius
441 1941 537 2005 militi
558 1942 701 2025 glorioso
722 1943 832 2028 tribui,
851 1899 987 2007 cantitat
1008 1940 1158 2007 derivare
1180 1940 1294 2027 poteris,

164 2052 199 2111 ut
223 2053 310 2112 necat
332 2047 656 2132 interpretamentum
680 2046 766 2133 sac)

251 2152 289 2219 V.
308 2153 372 2218 547
392 2153 538 2237 plerique
559 2176 597 2219 ex
617 2155 717 2220 udlcac
730 2156 865 2221 cubitum
879 2153 939 2241 (sic
953 2156 995 2235 B,
1013 2156 1074 2221 trec
1086 2156 1220 2221 cabima
1232 2154 1291 2239 CD)

163 2262 336 2326 effecerunt
359 2262 402 2324 od
429 2266 456 2324 te
477 2261 550 2326 lusco:
579 2263 634 2326 sed
663 2285 735 2327 cum
764 2261 932 2327 antecedat
955 2265 1001 2327 ire
1026 2265 1076 2328 od
1095 2284 1210 2347 ceriam,
1229 2282 1290 2326 con-

164 2375 354 2433 sentaneum
374 2373 425 2432 est
437 2370 481 2432 od
497 2370 772 2453 praepositionem
792 2369 876 2433 male
899 2370 933 2433 in
951 2369 986 2434 B
1003 2370 1045 2435 ad
1067 2371 1201 2436 cubitem
1220 2366 1289 2434 addi·

162 2479 230 2540 tam
255 2497 333 2559 esse,
357 2495 423 2538 non
446 2475 649 2540 intercidisse
672 2476 707 2539 in
730 2474 797 2540 OD.

251 2581 291 2648 V.
316 2580 380 2647 559
406 2604 463 2664 pro
488 2582 741 2665 Qrcandoquidem
764 2588 801 2647 ut
826 2580 955 2662 &condo
983 2585 1125 2665 cqcsidem
1150 2583 1285 2661 inferrem,

160 2712 226 2754 non
255 2690 360 2752 solum
391 2688 475 2752 ratio
504 2692 537 2752 et
565 2688 745 2752 Trinummi
773 2689 931 2753 memoria
960 2712 989 2755 v.
1012 2690 1077 2755 559
1109 2690 1219 2774 suasit,
1243 2687 1283 2753 sed

162 2796 261 2859 etiam
281 2795 376 2858 huius
397 2796 500 2878 ipsius
515 2817 628 2858 versus
649 2796 817 2859 nicruoria:
836 2818 911 2859 nam
932 2800 1062 2880 praeter
1076 2820 1144 2862 rem
1158 2802 1281 2862 metuun-

166 2923 230 2984 que
254 2902 400 2985 sequitur
423 2901 518 2965 lecrclc
541 2903 687 2984 cqru'clau,
710 2902 766 2965 ubi
789 2902 885 2966 bercto
907 2925 959 2986 epo
982 2904 1183 2989 requirimus.

237 3046 262 3110 1)
282 3041 367 3096 Velut
395 3043 456 3097 loco
485 3060 567 3110 quem
591 3045 675 3096 antea
698 3044 781 3096 attuli
805 3050 857 3097 938
886 3060 919 3097 ex
942 3045 1006 3098 debe
1029 3046 1067 3098 ios'
1089 3044 1132 3099 illi
1155 3045 1221 3098 (lebet
1239 3039 1279 3093 aa

162 3122 320 3188 effecerunt,
340 3140 365 3175 v.
386 3127 436 3174 596
457 3138 489 3174 cr
508 3124 579 3175 ilitio
597 3124 662 3188 illic,
682 3142 706 3175 v.
727 3129 777 3176 911
799 3124 969 3189 actitabitur,
989 3124 1050 3180 sim.

233 3205 260 3268 2)
281 3201 327 3254 Bis
351 3201 425 3254 eninr
449 3218 538 3270 eponc
561 3201 703 3255 antecedit
726 3203 754 3255 in
779 3201 991 3270 quaestionibus
1017 3204 1161 3273 parallelis
1188 3204 1277 3257 cums!

161 3279 354 3347 coniunctum3
385 3281 440 3334 iam
466 3301 490 3335 v.
511 3288 563 3334 443
583 3299 645 3335 cum
670 3281 755 3334 etiarn
776 3289 805 3335 ut
826 3282 912 3348 desit,
940 3286 1038 3338 contra
1062 3286 1110 3337 isti
1133 3283 1276 3338 offendat-

163 3359 273 3413 namin
294 3362 503 3426 quaestionibus
523 3360 666 3430 parallelis
687 3363 732 3414 dle
750 3378 904 3429 pronomen
923 3362 1081 3418 adhibitum
1102 3367 1145 3418 cst
1160 3395 1187 3404 -
1202 3380 1229 3416 er
1245 3360 1277 3413 isti

161 3438 240 3493 offeci
260 3442 332 3508 ata).

231 3525 258 3590 3)
278 3522 376 3576 Talem
401 3527 475 3577 certo
499 3524 744 3592 interpolationem
769 3542 794 3578 v.
814 3530 865 3576 402
889 3524 918 3577 in
936 3525 964 3576 B
988 3525 1080 3580 locum
1106 3527 1201 3580 babere
1220 3524 1277 3592 puta

159 3602 207 3669 qui
232 3620 282 3671 pro
306 3605 362 3657 istm
386 3606 504 3657 deciana·
528 3606 644 3673 praebet
667 3621 723 3658 asoa
748 3605 866 3658 (lecimus
886 3605 1013 3672 -quod
1040 3622 1208 3676 nequaquam
1228 3601 1276 3655 licet

161 3699 222 3733 enm
243 3683 344 3737 Bothio
364 3702 438 3738 auae
457 3684 646 3751 interpretari:
676 3702 742 3738 nam
762 3683 846 3738 Gellii
871 3686 955 3754 caput
974 3685 1027 3752 ΙΙΙ,
1049 3693 1081 3740 16
1102 3685 1124 3739 si
1144 3680 1276 3753 respexeris

162 3778 215 3812 non
239 3761 425 3829 improbabile
451 3764 590 3817 videbitur
618 3763 831 3832 granrnraticum
856 3765 979 3832 aliquem
1002 3782 1107 3820 marum
1135 3763 1277 3819 desiderasse

360 3858 401 3884 srva

159 3910 280 3947 mensem
305 3898 452 3961 (decimus).
491 3896 587 3963 Neque
612 3896 741 3950 absimile
755 3901 815 3962 est,
839 3897 867 3949 ni
886 3896 978 3963 fallor,
998 3899 1073 3966 qnod
1092 3918 1117 3953 r.
1138 3904 1185 3951 736
1201 3910 1276 3961 arpen·

160 3976 217 4028 turi
235 3992 285 4042 pro
305 3977 473 4030 conruentari
496 3976 629 4041 traditur;
658 3993 724 4029 nam
744 3976 869 4044 sequitur
888 3995 913 4030 v.
936 3983 987 4031 738
1007 3996 1070 4032 rem
1091 3982 1205 4047 accipere
1219 3975 1276 4027 idot-

159 4055 253 4111 tidem.
280 4056 327 4108 ubi
354 4074 409 4110 rem
434 4076 484 4126 per
509 4056 625 4125 arpenta
651 4056 828 4127 interpretari
853 4059 983 4124 poterant
1007 4058 1091 4125 (sicut
1114 4078 1138 4112 r.
1159 4062 1203 4110 734
1224 4052 1276 4105 satis
1328 4084 1331 4137 Ξ

158 4134 253 4200 inepte
278 4136 313 4187 ad
337 4139 385 4203 qui
404 4138 472 4191 (lucit
498 4137 692 4205 explicationis
721 4155 806 4192 creusa
836 4154 945 4205 operam
979 4138 1163 4207 addiderunt).
1203 4135 1276 4200 Atque

159 4212 257 4265 codem
279 4233 303 4267 v.
326 4222 375 4269 738
396 4218 470 4284 quod
491 4220 599 4271 interim
619 4219 747 4284 excurrit,
767 4219 884 4272 fortasse
903 4218 1004 4271 ididem
1024 4218 1124 4272 deinde
1142 4216 1274 4282 corruptum

158 4292 333 4359 temptarunt
352 4299 498 4366 corrigere.
538 4299 663 4366 Denique
684 4318 707 4352 v.
728 4305 780 4352 495
795 4299 1033 4366 prr·o(proc)t‘ccto
1052 4316 1105 4351 non
1124 4304 1165 4352 est
1180 4291 1274 4361 simplex

153 4374 278 4438 practico
292 4375 411 4430 nominis
426 4378 593 4446 corruptela,
613 4380 661 4433 sed
676 4379 785 4433 illatum
799 4380 842 4431 est
856 4377 1104 4448 grammaticorum
1118 4371 1271 4442 veriloquium

158 4450 203 4519 (cl.
225 4451 313 4505 Varro
332 4458 361 4507 et
380 4456 501 4523 Paulus),
