2932 5452
579 768 784 824 PRAEFATIO
1039 773 1043 781 '
1174 767 1259 823 LXIX

129 949 214 1015 unde
242 970 442 1033 consequens
470 952 519 1013 est
546 952 596 1031 ut,
623 948 709 1032 quod
732 947 868 1032 exempli
892 970 1006 1012 caussa
1028 947 1163 1011 lacunae
1186 970 1259 1031 sup-

129 1066 315 1130 lementum
342 1064 419 1149 lusi,
445 1064 480 1129 in
508 1086 546 1129 eo
573 1063 687 1128 leviter
713 1065 857 1128 mutatus
884 1063 966 1127 ulter
989 1062 1163 1127 versiculus
1185 1062 1260 1126 talis

129 1181 225 1247 »otius
253 1180 401 1265 prodeat:
433 1180 474 1244 Vt
495 1179 547 1244 ille
567 1179 767 1256 munerabat,
789 1180 825 1243 ni
846 1179 962 1244 mirum
984 1179 1065 1243 idern
1087 1200 1169 1244 acac
1190 1200 1260 1245 sum

129 1318 148 1360 u
180 1293 349 1381 Cercopia).
380 1293 467 1360 Nam
499 1316 571 1358 cum
607 1294 679 1378 ipsa
714 1293 913 1359 Blucium
948 1293 1053 1359 sonna
1085 1292 1260 1378 Bothiana,

129 1434 309 1496 [namquam
340 1432 409 1477 non
440 1432 553 1475 carens
566 1409 571 1415 “
585 1410 751 1495 analogia,
783 1413 893 1474 tamen
925 1409 1161 1475 dubitationem
1193 1432 1260 1475 non

129 1527 277 1610 xcludat,
303 1529 471 1610 praeterea
497 1528 606 1591 autem
633 1526 849 1591 memorabilis
877 1526 911 1590 in
934 1525 968 1590 B
989 1524 1260 1609 interpunctionis
1301 1527 1305 1534 '

129 1647 194 1708 rota
221 1642 367 1725 cecropio·
393 1641 510 1723 insula·
542 1641 595 1705 vix
621 1641 725 1725 possit
752 1632 847 1707 nihili
872 1663 942 1707 esse
969 1640 1084 1725 videri,
1115 1662 1183 1705 non
1205 1640 1259 1704 ab·

129 1761 227 1823 torret
253 1758 398 1841 profecto
427 1779 447 1821 a
474 1755 701 1840 probabilitate
729 1759 835 1820 totum
863 1757 967 1822 insuda
989 1756 1182 1821 vocabulum
1204 1756 1260 1820 ali-

129 1873 205 1938 uius
233 1872 418 1957 interpretis
447 1873 608 1958 glossema
634 1892 717 1955 esse,
749 1872 803 1955 qui
836 1870 1003 1936 Cretenses
1036 1893 1105 1936 esse
1133 1871 1260 1936 Rhada-

129 1987 286 2053 1anthum
314 2009 387 2052 cum
410 1986 519 2053 Minoe
541 1987 642 2051 fratre
669 1975 880 2051 meminisset:
907 1987 973 2051 sive
999 1988 1027 2052 is
1055 1987 1190 2072 simplex
1215 1989 1259 2052 in-

129 2104 185 2168 ula
208 2123 330 2169 nomen
352 2102 533 2187 adscripsit,
554 2103 621 2167 sive
642 2102 706 2168 hoc
728 2123 746 2167 e
768 2102 912 2186 pleniore
935 2102 1147 2186 explicatione
1170 2101 1261 2169 Oreta

129 2219 222 2284 scula
243 2218 349 2284 solum
371 2218 520 2284 relictum
542 2221 601 2283 est.

202 2332 244 2398 V.
270 2335 356 2401 1166
390 2334 549 2400 mensae
580 2356 642 2399 vox
674 2354 846 2417 suppressa
877 2353 899 2397 a
925 2331 1035 2397 littera
1064 2336 1102 2399 ut
1127 2333 1263 2399 aldae

129 2449 327 2515 renuntiata
348 2453 416 2515 tam
438 2449 504 2514 late
526 2453 658 2534 patente
681 2447 833 2533 analogia
855 2447 1010 2532 firmatur,
1032 2451 1070 2513 ut
1091 2448 1130 2512 de
1154 2448 1262 2532 aliqua

129 2567 254 2629 mutate
284 2565 391 2630 forma
422 2588 472 2630 me
504 2565 608 2630 iudice
639 2586 708 2629 non
735 2563 778 2627 sit
805 2563 871 2627 ullo
902 2563 997 2628 modo
1029 2585 1102 2628 cum
1134 2563 1260 2630 Kochio

129 2680 235 2746 mnal.
257 2679 335 2764 phil.
358 2684 381 2745 t.
406 2681 467 2746 101
493 2678 536 2765 (a.
563 2676 662 2765 1870)
686 2703 715 2763 p.
740 2678 804 2745 686
828 2678 1046 2762 cogitandum.

202 2794 374 2860 Praeterea
406 2796 502 2861 audio
533 2797 619 2860 inter
648 2795 728 2859 alios
757 2793 926 2858 Plautinos
956 2794 1053 2858 etiam
1081 2794 1259 2860 Trinummi

129 2911 240 2994 liquot
258 2932 368 2975 versus
391 2914 548 2976 tractatos
571 2932 640 2975 esse
663 2910 698 2974 in
712 2907 913 2973 Fuhrmanni
936 2908 1160 2974 dissertatione
1183 2932 1258 2993 qua·

129 3047 189 3089 ‚am
219 3023 515 3109 Gryphiswaldensi
542 3028 701 3114 quaeest
729 3024 783 3088 ‘de
811 3024 1042 3109 particularum
1069 3026 1258 3109 comparati-

129 3162 227 3204 arum
255 3162 315 3205 usu
343 3140 524 3206 Plautino':
557 3162 638 3225 quae
665 3143 776 3205 tamen
803 3140 934 3224 scriptio
964 3141 998 3204 in
1027 3162 1142 3205 manus
1171 3162 1259 3205 meas

129 3276 292 3341 rumquam
316 3257 413 3320 venit.

302 3410 421 3495 Scripsi
445 3411 572 3495 Lipsiae
595 3433 637 3475 m.
661 3410 731 3476 Oct.
754 3433 782 3474 a.
806 3426 1045 3484 c1o1ccccnxx.
