2934 5048
250 334 323 394 hXII
721 331 928 391 PRAEFATIO

250 518 395 602 stulam',
422 538 519 602 quam
547 515 588 581 ad
615 537 666 581 me
693 517 804 603 datam
826 516 994 602 praemisit
1015 514 1123 580 Plauti
1147 515 1197 581 sui
1222 520 1313 582 tomo
1335 514 1394 602 pri·

250 656 303 699 mo
326 634 361 697 in
383 633 688 717 publicumemisso
712 655 799 698 anno
826 632 920 699 1850.

338 864 510 930 Praeterea
532 865 609 950 quid
632 865 694 930 sim
716 864 844 930 consilii
866 863 902 928 in
926 863 1064 949 singulis
1087 867 1219 928 secutus
1242 863 1285 929 ad
1309 863 1398 929 ador·

250 981 393 1046 nandam
415 982 511 1047 huius
535 981 665 1045 fabulae
688 980 878 1064 editionem,
907 1001 980 1044 cum
1003 979 1144 1044 maxima
1166 1001 1205 1045 ex
1229 984 1323 1065 parte
1345 1001 1401 1065 per

251 1120 285 1161 se
309 1102 429 1182 pateat,
451 1101 522 1162 tum
540 1096 681 1161 breviter
698 1096 864 1180 professus
883 1117 954 1159 sum
972 1095 1007 1159 in
1026 1095 1151 1160 schedis
1166 1095 1402 1161 Teubnerianis

252 1209 572 1298 (‘Mittheilungen’)
599 1212 696 1276 huius
729 1212 807 1275 anni
838 1234 870 1295 p.
893 1211 936 1276 23
959 1232 1006 1294 sq.
1037 1209 1078 1275 In
1109 1209 1402 1276 commemorandis

250 1327 351 1413 igitur
381 1328 440 1411 eis,
468 1349 550 1411 quae
573 1350 593 1391 a
615 1327 777 1412 prioribus
800 1326 991 1411 editoribus,
1013 1325 1261 1411 interpretibus,
1283 1325 1403 1391 criticis

251 1443 291 1507 ad
324 1442 549 1527 expoliendam
581 1443 806 1507 Trinummum
836 1442 871 1506 in
904 1442 1044 1506 medium
1076 1440 1185 1506 adlata
1213 1445 1342 1527 essent,
1366 1445 1404 1507 ut

250 1560 361 1643 paullo
384 1559 549 1623 liberalius
573 1580 711 1645 agerem,
730 1537 828 1622 etiam
851 1557 930 1622 illud
953 1579 1004 1622 me
1027 1558 1129 1622 movit
1147 1555 1234 1641 quod
1257 1557 1403 1642 praevidi

250 1674 335 1739 hanc
358 1674 463 1759 ipsam
486 1674 630 1740 fabulam
653 1674 796 1739 crebrius
820 1695 916 1757 quam
939 1673 1021 1737 alias
1043 1673 1079 1736 in
1102 1671 1221 1737 scholis
1244 1673 1403 1740 medemi-

251 1789 296 1854 ois
324 1793 500 1854 tractatum
527 1789 581 1874 iri,
609 1790 649 1855 ad
676 1789 846 1874 fingendas
875 1793 983 1854 autem
1011 1787 1267 1872 excolendusque
1296 1789 1403 1855 adule

251 1905 411 1970 scentium
438 1909 563 1970 mentes
591 1905 749 1990 imprimis
777 1905 944 1969 fructuosa
966 1925 1035 1969 esse
1059 1903 1403 1969 dissensionum‘iudi·

252 2021 336 2085 catio
360 2041 568 2104 errorumque
591 2020 744 2085 refutatio
768 2021 859 2106 solet,
877 2020 962 2085 unde
980 2020 1032 2084 v'el
1050 2019 1169 2084 veritas
1189 2019 1242 2083 vel
1266 2019 1310 2084 ad
1332 2041 1402 2085 eam

253 2136 518 2221 adpropinquans
541 2137 755 2220 probabilitas
772 2139 925 2221 emergat.
944 2134 1015 2200 Hac
1033 2139 1143 2199 tamen
1162 2134 1197 2199 in
1219 2139 1316 2219 parte
1333 2138 1403 2201 tota

252 2251 472 2317 adnotationis
494 2255 626 2317 nostrae
645 2274 686 2317 ne
705 2252 781 2336 quid
804 2251 928 2316 levitati
948 2254 1004 2315 aut
1022 2250 1262 2315 inconstantiae
1280 2252 1401 2316 tribua·

251 2371 306 2432 tur
328 2368 414 2451 quod
437 2368 639 2432 necessitatis
662 2367 735 2452 fuit,
755 2368 818 2432 hoc
840 2367 921 2431 mihi
943 2367 1012 2451 ipse
1031 2366 1131 2431 debeo
1155 2369 1193 2430 ut
1215 2366 1256 2431 de
1279 2370 1401 2452 tempo

252 2484 341 2549 ribus
365 2505 481 2568 operae
504 2505 594 2548 meae
617 2483 729 2566 paucis
748 2483 935 2568 significem.
955 2480 1127 2547 Sciendum
1146 2485 1198 2545 est
1219 2482 1309 2547 enim
1332 2504 1399 2547 eam

252 2600 300 2664 ita
323 2600 519 2683 absolutam,
547 2603 584 2663 ut
607 2602 717 2683 posset
740 2600 766 2663 si
790 2599 904 2663 vellem
927 2597 1107 2682 typothetis
1130 2597 1230 2682 tradi,
1258 2599 1326 2663 iam
1348 2621 1400 2664 au·

252 2719 366 2780 tumno
396 2716 571 2799 superioris
599 2715 677 2779 anni
703 2715 817 2798 fuisse,
844 2714 899 2778 sed
928 2735 985 2798 per
1007 2714 1231 2797 insequentem
1254 2714 1401 2796 hiemem,

253 2853 335 2913 quae
363 2835 496 2914 propter
523 2831 665 2895 muneris
692 2830 879 2914 professorii
912 2829 1019 2895 officia
1046 2832 1116 2894 tota
1144 2828 1208 2892 fuit
1235 2830 1335 2915 longe
1358 2830 1400 2894 di·

253 2947 353 3010 versis
382 2947 495 3010 studiis
522 2946 751 3030 impendenda,
778 2946 813 3010 in
842 2945 966 3010 scriniis
995 2949 1161 3028 tamquam
1184 2951 1402 3028 pernoctasse.

254 3061 349 3125 Vnde
374 3084 443 3125 eam
468 3084 540 3127 vere
564 3062 739 3127 hornotino
763 3062 934 3146 repetitam
958 3083 1030 3125 cum
1054 3061 1295 3144 aliquantulum
1318 3083 1401 3126 reeo-

255 3198 457 3261 gnosccrem,
485 3198 552 3240 uon
580 3177 695 3241 debere
724 3199 763 3241 ea
785 3177 915 3262 neglegi
938 3177 1095 3260 intellexi,
1118 3198 1201 3260 quae
1224 3199 1285 3261 per
1307 3178 1402 3243 inter·

254 3294 408 3355 iectorum
432 3293 591 3356 meusium
614 3294 819 3358 intervallum
838 3293 975 3356 aliorum
998 3292 1112 3357 studiis
1132 3314 1217 3356 nova
1240 3293 1278 3358 in
1302 3295 1403 3359 luceru

254 3409 452 3493 prodiissent
474 3409 514 3473 ad
539 3408 797 3473 emendationem
812 3408 993 3473 Trinummi
1015 3408 1205 3492 spectantia.
1229 3407 1325 3473 Talia
1348 3411 1404 3495 igi·

255 3531 308 3590 tur
335 3526 460 3609 pridem
489 3526 616 3610 scriptis
644 3529 714 3588 tum
743 3524 866 3590 curiose
890 3524 1005 3608 adieci,
1032 3524 1088 3588 sed
1110 3523 1238 3588 uncinis
1265 3522 1333 3611 Η
1358 3527 1404 3589 in-

254 3643 343 3705 clusa
372 3642 490 3705 omnia.
518 3640 588 3716 Quo
621 3645 748 3724 praeter
782 3641 846 3704 alia
873 3641 1014 3725 pertinet
1041 3638 1172 3724 Bergkii
1205 3639 1338 3705 libellus
1369 3647 1404 3704 ut

254 3756 358 3820 bonae
390 3758 494 3841 frugis
527 3756 735 3839 consuetique
768 3757 943 3840 acuminis,
978 3757 1025 3819 ita
1061 3776 1152 3818 rarae
1189 3756 1405 3841 malignitatis

255 3873 554 3954 erubescendaeque
583 3872 780 3954 petulantiae
803 3872 935 3955 plenus,
957 3871 1131 3955 inscriptus
1155 3868 1327 3957 ‘Beitriige
1351 3895 1406 3936 aur

254 3988 466 4052 lateinischen
497 3986 725 4071 Granuuatik’,
757 4009 821 4071 quo
854 3988 907 4051 ille
939 3987 1056 4051 honori
1088 3986 1194 4049 ismae
1223 3986 1299 4051 fidei
1328 4011 1404 4054 suae

254 4121 357 4183 nuper
389 4103 620 4167 consulendum
652 4103 779 4186 putavit
811 4103 948 4167 notabili
981 4125 1075 4187 sane,
1107 4123 1306 4186 quamquam
1339 4127 1404 4171 non

254 4234 339 4278 novo
372 4239 495 4280 morum
529 4220 714 4301 specimine:
756 4219 851 4302 idque
887 4240 928 4283 ne
966 4219 1134 4283 lacessitus
1167 4217 1317 4303 quidem,
1351 4219 1403 4284 sed

256 4329 348 4391 ultro.
378 4329 443 4392 Noc
473 4335 577 4396 uiinus
605 4335 776 4419 diligenter
803 4339 870 4398 tum
897 4335 1033 4399 honeste
1062 4356 1157 4418 quam
1187 4336 1297 4418 ample
1321 4357 1402 4401 com-
