2932 5452
378 1164 729 1300 OONSPEOTVS
756 1214 1078 1299 Mnusonvn

574 1423 591 1458 n
609 1422 694 1458 vsusv
712 1409 762 1459 223
779 1420 815 1456 su
832 1410 883 1458 300

244 1651 448 1717 Praefatione
475 1656 547 1718 tota
573 1654 638 1718 iam
665 1653 752 1739 typis
780 1653 940 1737 exscripta
967 1675 1041 1718 cum
1064 1654 1232 1720 nuntiaret
1252 1660 1310 1740 tyq

157 1767 344 1852 pographus
372 1790 541 1834 numerum
568 1770 734 1853 foliorum,
763 1769 818 1852 qui
850 1768 1038 1833 commodus
1066 1773 1153 1833 esset
1180 1769 1310 1854 byblhn

156 1903 249 1967 pepo,
271 1883 416 1947 nondum
439 1884 571 1968 plenum
594 1906 681 1969 esse,
703 1887 890 1968 peteretque
913 1887 950 1948 ut
973 1906 1007 1949 se
1029 1905 1072 1948 ne
1096 1884 1310 1949 destitueret!

156 1997 212 2061 sed
241 1998 361 2082 aliquid
389 1999 603 2084 supplementi
631 2000 807 2084 mitterem,
834 2020 903 2065 uon
935 1999 993 2063 abs
1021 2020 1055 2063 re
1088 2021 1160 2064 esse
1191 2004 1310 2084 putav

157 2112 355 2178 cantieorum
377 2114 521 2200 illorum,
544 2139 626 2201 quae
649 2116 790 2182 suntab
819 2114 913 2180 initio
942 2112 1089 2179 actual]
1113 2113 1310 2180 Trinumnn

157 2231 260 2293 metra
284 2252 464 2313 proponere
489 2231 679 2316 singillatim
698 2214 860 2316 discripte,
884 2229 1030 2314 quamvis
1053 2251 1092 2293 ea
1114 2229 1231 2294 harum
1252 2252 1310 2293 ro·

157 2366 229 2408 rum
252 2344 364 2429 peritis
387 2346 485 2410 etiarn
509 2346 578 2411 sine
592 2347 704 2413 tabula
723 2368 790 2412 non
814 2345 951 2411 obscura
972 2346 1010 2408 ut
1032 2344 1159 2429 opinor.
1182 2344 1221 2410 ln
1235 2367 1310 2429 qut.

156 2459 216 2524 bus
241 2482 323 2543 quae
347 2459 521 2526 incertiora
544 2462 658 2527 ceteris
680 2462 750 2527 visa
773 2465 863 2545 sunt,
884 2459 1027 2525 feliciore
1051 2459 1080 2523 si
1103 2460 1174 2527 fieri
1197 2464 1310 2546 potes

157 2575 266 2639 studio
290 2576 367 2640 olim
391 2576 605 2661 retractanda,
627 2578 768 2662 praefixo
782 2577 944 2646 astemsco
967 2574 1090 2640 notavi.

683 2781 729 2866 ΙΙ,
754 2784 770 2846 1

247 2925 421 2988 223-231
536 2923 698 2988 bacchiaci
723 2922 900 2988 tetrametri
920 2921 1090 2986 acatalesti

244 3039 310 3101 232
589 3038 780 3103 bacchiacus
804 3038 958 3102 dimetrus
982 3038 1183 3102 acatalectus

245 3154 319 3216 233.
352 3155 416 3217 234
462 3154 590 3219 iambici
614 3153 787 3238 septenarii

246 3270 311 3333 235
591 3270 782 3335 bacchiacus
805 3269 960 3333 dimetrue
984 3268 1195 3335 catalecticus

222 3502 310 3565 *236
467 3501 649 3566 trochaicus
673 3501 858 3567 octonarius
882 3498 940 3584 (an
963 3501 1208 3587 septenarius?)

246 3619 320 3681 237.
353 3620 417 3682 238
463 3617 617 3682 trochaici
642 3617 816 3702 septenarii

245 3733 319 3796 239.
352 3733 418 3796 240
529 3732 693 3797 bacchiaci
716 3732 895 3796 tetrametri
919 3731 1089 3796 acatalecti

244 3849 307 3911 241
591 3847 782 3911 bacchiacus
805 3847 960 3912 dimetrus
985 3847 1187 3913 acatalectus

244 4080 309 4143 242
466 4077 649 4143 trochaicus
672 4077 873 4162 septenarius

245 4194 418 4260 243-251
521 4193 642 4258 cretici
665 4193 845 4258 tetrametri
868 4193 1046 4258 catalectici

244 4310 309 4373 252
466 4310 648 4375 trochaicus
672 4310 856 4374 octonarius
