2932 5452
526 759 733 816 PRAEFATIO
1148 764 1211 819 XXI

61 939 270 1004 commodum
302 942 352 1003 est
383 960 471 1004 nunc
503 939 613 1004 statim
646 940 685 1004 de
712 940 863 1005 thesauro
891 964 1030 1025 sumere,
1062 943 1118 1007 sed
1149 944 1211 1007 hoc

61 1054 177 1119 levius:
201 1053 268 1119 sive
291 1054 378 1119 enim
401 1076 488 1120 nunc
507 1055 618 1120 statim
637 1055 729 1120 dabis
752 1056 818 1120 sive
843 1057 951 1141 paullo
975 1060 1050 1142 post
1071 1057 1212 1142 nuptias

61 1168 142 1234 illud
170 1173 279 1235 metuo
311 1192 353 1235 ne
379 1192 448 1235 non
475 1170 611 1255 effugias
640 1170 757 1235 civium
786 1172 980 1236 maledicta'.
1004 1172 1103 1237 Vides
1130 1172 1210 1241 haec

60 1284 109 1350 ita
130 1288 320 1369 comparata
341 1262 424 1371 esse,
447 1289 485 1350 ut
502 1286 542 1350 de
560 1286 677 1351 lacuna
695 1286 904 1372 cogitandum
923 1291 1008 1354 esset
1025 1287 1125 1353 etiam
1141 1287 1210 1352 sine

63 1398 129 1465 ullo
153 1398 362 1465 Ambrosiani
385 1400 504 1466 codicis
526 1400 656 1467 indicio.

151 1629 234 1697 (lum
257 1631 374 1697 certior
397 1631 644 1716 demonstratio,
672 1635 742 1696 tum
770 1632 922 1698 incertior
945 1633 1137 1700 instauratio
1161 1641 1210 1700 est

61 1748 95 1813 in
110 1750 249 1832 quarto
274 1746 530 1831 quaternione
544 1746 667 1812 LVIII:
691 1749 782 1812 cuius
796 1771 850 1813 sex
865 1751 1071 1814 membranae
1086 1750 1208 1832 mediae

62 1886 100 1927 ca
122 1863 421 1948 complectebantur
449 1885 530 1946 quae
547 1862 633 1926 inter
651 1886 680 1927 v.
695 1864 759 1928 863
779 1867 813 1927 et
835 1863 919 1927 1045
938 1864 1106 1929 interiecta
1125 1871 1208 1930 sunt.

62 1978 231 2065 Legrmtur
257 1977 406 2042 nuncin
434 1999 473 2042 ea
499 1982 591 2061 parte
614 1977 754 2062 primam
781 1971 915 2042 cxxiilv
943 1982 1128 2065 septenarii,
1157 1982 1208 2045 dc-

61 2094 134 2159 inde
164 2111 186 2157 x
216 2072 347 2176 senarii,
373 2097 537 2177 postremo
570 2114 681 2157 rursus
713 2093 887 2176 septenarii
919 2111 1058 2160 xxxvn:
1092 2098 1208 2181 quibus

62 2209 217 2294 qnoniam
248 2212 381 2294 propter
407 2230 543 2274 scaenae
575 2208 788 2273 mutationem
821 2208 871 2273 bis
899 2209 1019 2275 factam
1052 2212 1209 2277 accedunt

61 2330 217 2411 quattuor
242 2322 394 2389 versuum
421 2324 527 2407 spatia
554 2320 725 2409 (largimur
751 2325 838 2387 eninr
865 2347 983 2390 novam
1012 2348 1161 2392 scaenam
1189 2352 1208 2393 a

57 2463 86 2506 v.
109 2441 179 2506 998
207 2462 280 2506 curn
307 2441 422 2505 ceteris
449 2440 544 2504 bonis
571 2439 661 2503 libris
684 2438 936 2504 Ambrosianum
959 2462 1106 2506 exorsum
1130 2465 1208 2527 esse,

56 2578 257 2641 quamquam
285 2556 317 2619 id
345 2555 414 2620 fieri
447 2559 574 2639 praeter
601 2556 760 2619 rationem
788 2554 984 2640 censemus),
1011 2556 1111 2621 habes
1138 2581 1206 2623 rer-

52 2696 113 2738 sus
148 2686 300 2736 ccxxxv.
332 2670 433 2755 Atqui
471 2671 511 2734 ad
548 2670 716 2735 duodecim
752 2671 889 2755 paginas
925 2672 1099 2755 explendas
1135 2697 1206 2739 cuin

48 2803 219 2852 (1011111111
246 2787 391 2852 versibus
420 2808 501 2871 opus
530 2785 584 2870 sit,
612 2786 785 2850 videndum
813 2789 862 2850 est
889 2786 927 2850 de
957 2801 1044 2847 xnln
1072 2790 1126 2871 qui
1155 2791 1206 2855 de-

48 2903 151 2967 fiunt.
184 2900 224 2965 In
257 2918 364 2966 cnxxl
396 2902 567 2966 trochaicis
600 2906 852 2966 consentaneum
884 2905 934 2965 cst
965 2902 1090 2966 circiter
1118 2922 1205 2967 xvrn

42 3018 159 3082 fuisse
184 3017 347 3102 longiores
371 3040 468 3102 qnam
491 3039 550 3101 pro
574 3018 669 3081 unius
688 3039 798 3082 versus
822 3017 964 3081 modulo:
989 3018 1087 3082 fuisse
1108 3035 1207 3103 xnnr,

42 3133 143 3197 credi
169 3133 259 3198 nullo
283 3136 377 3216 pacto
401 3137 517 3217 potest.
544 3131 633 3216 Ergo
663 3133 850 3217 superstites
878 3132 973 3196 hodie
1002 3139 1206 3216 partescum

37 3271 218 3312 &summam
246 3249 389 3313 efficiant
416 3264 498 3313 coln
527 3270 690 3332 versuum,
718 3270 917 3332 consequens
946 3252 995 3311 est
1022 3252 1059 3312 ut
1081 3249 1205 3312 circiter

34 3381 130 3427 ztxv
159 3360 225 3447 (vel
254 3365 368 3428 saltem
396 3361 489 3449 xxn)
518 3363 747 3427 interciderint.
774 3363 818 3426 Et
846 3368 882 3426 ut
908 3364 1073 3428 liberalius
1101 3386 1206 3448 agam,

34 3480 108 3543 fac
137 3479 305 3562 aliquanto
334 3479 460 3563 saepius
491 3479 588 3543 huius
619 3479 720 3562 ipsius
748 3480 969 3562 quaternionis
1001 3483 1205 3544 tetrametros

28 3588 225 3657 librarium
258 3594 481 3679 dispescuisse:
517 3596 570 3657 fac
601 3594 634 3657 id
667 3595 859 3678 quinquiens
896 3600 1022 3679 praeter
1058 3618 1204 3660 normam

34 3709 181 3787 factum
208 3731 291 3793 esse,
323 3709 374 3773 fac
407 3710 548 3793 deciens,
581 3710 631 3772 fac
664 3709 884 3795 quindeciens,
917 3733 1111 3794 quamquam
1144 3711 1203 3775 hoc

28 3840 190 3907 prorsus
217 3847 287 3890 esse
314 3826 450 3889 nimium
478 3826 640 3907 existima,
667 3826 958 3908 praesertim-cum
984 3830 1077 3889 tanta
1105 3827 1147 3888 sit
1171 3828 1203 3888 in

30 3940 276 4005 Ambrosiano
304 3941 387 4005 libro
415 3940 626 4024 aequabilitas
656 3941 844 4024 scripturae:
882 3946 916 4003 at
944 3942 1066 4023 aliquot
1095 3947 1203 4002 tamen

27 4071 208 4120 wersuum
231 4079 385 4120 numerus
408 4056 608 4139 relinquitur,
627 4080 706 4138 qucis
731 4055 840 4119 deesse
863 4055 903 4118 ad
927 4053 1083 4136 explenda
1106 4076 1202 4116 mem·

27 4163 233 4235 l'aranarum
262 4172 366 4254 spatia
395 4170 633 4235 concedendum
662 4172 711 4234 sit.
739 4168 807 4233 Nec
831 4169 959 4233 difficile
984 4172 1045 4251 est,
1069 4169 1124 4232 ubi
1147 4169 1203 4232 ali·

28 4286 133 4371 quid
158 4286 255 4370 desit,
278 4287 348 4370 ipsa
372 4287 534 4350 sententia
552 4287 631 4350 duce
656 4286 863 4369 investigare:
887 4307 950 4367 qno
968 4286 1055 4347 facto
1079 4284 1201 4347 intelle-

33 4407 151 4487 getur
183 4424 251 4466 non
283 4424 382 4466 unam
414 4424 483 4466 esse
517 4403 743 4467 continuorum
771 4423 920 4465 versuum
952 4402 1115 4482 lacunam,
1147 4399 1202 4462 sed

37 4517 277 4602 <compluribus
306 4540 363 4601 per
390 4540 538 4583 scaenam
568 4534 592 4580 11
622 4516 782 4581 11111111
807 4516 885 4580 locis
910 4515 960 4578 vel
982 4514 1128 4600 singulos
1152 4515 1201 4578 vel

44 4634 212 4717 pauculos
237 4655 348 4698 versus
371 4635 439 4698 eius
462 4634 584 4697 librarii
613 4633 784 4696 oscitantia
808 4631 1049 4714 praetermissos
1074 4653 1157 4713 esse,
1184 4653 1200 4693 o

52 4750 146 4814 cuius
171 4751 320 4832 exemplo
344 4750 440 4814 ceteri
464 4749 539 4813 libri
562 4749 664 4812 nostri
688 4748 775 4811 clucti
799 4751 883 4810 sunt
