2932 5452
509 771 716 828 PRAEFATIO
1117 776 1190 831 lxv

178 950 264 1018 Nam
287 953 343 1037 qui
366 950 402 1017 in
430 957 572 1018 amorem
600 950 841 1040 praecipitauit,
868 953 959 1039 peiils
987 954 1072 1039 perit
1098 955 1191 1039 quasi

858 1072 935 1135 saxo
960 1047 1090 1135 saliats

140 1184 248 1249 uidem
271 1206 338 1250 non
362 1183 572 1249 adsentiente.

139 1299 252 1365 Versui
282 1300 355 1365 2711
381 1286 468 1385 quod
498 1301 535 1365 111
565 1300 600 1365 Β
632 1300 813 1385 subscripta
844 1301 924 1366 haee
956 1304 1033 1365 sunt
1064 1302 1099 1367 in
1126 1301 1192 1367 fine

139 1437 179 1480 ,ae
202 1415 249 1500 ll,
275 1417 306 1480 1:
339 1417 371 1480 ls
392 1416 459 1498 fillo
486 1415 621 1500 lyfitelef,
643 1416 679 1479 in
701 1417 747 1481 eis
771 1417 882 1499 quaeri
903 1419 1013 1501 potest
1034 1417 1190 1500 numquid

151 1531 346 1597 reconditius
368 1531 483 1616 lateat,
506 1531 591 1615 quod
614 1553 682 1596 non
704 1531 864 1597 immerito
887 1532 1031 1617 potuerit
1053 1533 1117 1597 illis
1141 1555 1190 1598 so-

150 1651 187 1712 ut
212 1648 360 1732 tertium,
393 1668 474 1731 quae
502 1651 536 1711 et
562 1647 740 1732 singularia
768 1669 837 1712 esse
865 1650 898 1711 11
920 1646 1048 1712 Veteris
1072 1648 1190 1713 codicis
1241 1728 1243 1730 .
1316 1630 1319 1635 .

139 1764 174 1828 ia
193 1786 290 1848 supra
309 1763 471 1847 disputavi
489 1785 519 1847 p.
535 1781 578 1828 nv
594 1784 662 1846 sqq.
680 1761 806 1848 Quippe
824 1785 892 1830 non
906 1764 1015 1848 inepte
1029 1762 1190 1850 quispiam

139 1880 183 1944 iat
204 1901 272 1944 non
294 1878 419 1943 litteras
443 1899 513 1942 esse
536 1877 570 1942 111
591 1877 678 1962 illes,
702 1878 757 1942 sed
780 1901 987 1945 numerorum
1010 1883 1120 1965 notas,
1142 1900 1190 1943 re·

161 2016 215 2059 eas
238 2016 256 2059 e
280 1993 520 2079 computatione
543 1993 835 2058 stichometriee
856 1993 958 2078 ipsius
977 1994 1190 2078 antiquitatis.

152 2111 213 2176 1111
235 2131 348 2194 reapse
370 2131 438 2174 non
462 2109 640 2194 sexaginta,
663 2109 719 2173 sed
742 2112 870 2173 tantum
888 2112 961 2175 octo
982 2113 1014 2174 et
1033 2110 1189 2194 quinqua·

149 2226 294 2291 versibus
314 2247 431 2290 scaena
449 2223 524 2308 11‚1
545 2216 632 2292 nunc
651 2224 748 2288 estin
762 2223 796 2289 B
809 2225 996 2310 perscripta,
1014 2228 1125 2290 tamen
1142 2226 1189 2290 ia·

138 2343 196 2407 ieri
217 2342 325 2426 potuit
342 2345 381 2406 ut
401 2362 459 2425 per
481 2341 682 2405 saeculorum
705 2339 874 2405 decursum
897 2344 955 2405 aut
977 2340 1098 2425 aliquid
1121 2363 1189 2405 ver·

139 2481 217 2522 »rum
235 2457 367 2542 periret,
386 2460 443 2521 aut
461 2455 529 2520 bini
547 2455 665 2520 alicubi
689 2453 957 2520 contraherentur
979 2457 1014 2519 in
1033 2456 1189 2541 singulos,

153 2573 201 2637 illi
224 2573 280 2656 qui
302 2573 337 2636 in
351 2571 479 2638 Veteris
502 2571 700 2638 1111111121.
723 2592 810 2635 nunc
833 2575 910 2635 sunt
928 2593 1039 2636 versus
1063 2573 1106 2637 30
1121 2595 1188 2656 sqq.

139 2710 244 2771 squam
267 2687 436 2753 fatendum
459 2689 521 2770 est,
543 2687 605 2751 hoc
629 2687 683 2769 qui
707 2687 929 2770 amplectatur,
952 2687 981 2750 ei
1005 2688 1100 2752 simul
1124 2688 1187 2753 duo

139 2803 288 2868 medenda
310 2825 379 2868 esse
403 2805 517 2887 suapte
539 2805 659 2866 natura
676 2824 744 2866 non
763 2823 840 2867 sane
860 2801 952 2865 valde
975 2802 1124 2887 adposita
1147 2804 1187 2867 ad

139 2919 312 2984 edendum:
335 2918 483 3003 primum,
501 2917 566 2982 iam
584 2917 641 2981 illa
664 2939 681 2982 1
704 2941 769 3001 qua
790 2919 855 2982 tale
874 2918 1046 2982 artificium
1069 2919 1187 2984 sticho-

139 3057 210 3100 cum
245 3033 455 3118 repetendum
488 3033 531 3098 sit
562 3036 681 3116 aetate,
717 3055 781 3117 qua
813 3034 981 3098 etiamtum
1013 3034 1120 3118 aliquo
1153 3036 1188 3099 in

142 3154 252 3216 essent
275 3149 382 3214 studia
405 3149 625 3234 grammatica,
643 3153 711 3212 tam
730 3149 914 3213 minutatim
933 3149 1079 3214 dissectis
1103 3169 1187 3215 com·

161 3267 268 3330 locum
295 3265 396 3330 fuisse
420 3265 527 3349 qualia
549 3264 669 3328 ibidem
691 3264 791 3329 habes
815 3287 843 3330 v.
867 3266 910 3330 34
934 3286 1015 3349 sqq.;
1041 3267 1189 3351 alterum,

139 3406 152 3446 1
177 3385 282 3446 aetate
305 3382 370 3445 iam
393 3381 565 3465 inrepsisse
589 3381 791 3465 apertissima
814 3382 1009 3466 glossemata
1031 3382 1097 3467 illa,
1119 3384 1186 3466 qui·

139 3522 152 3562 ’.
177 3498 219 3562 38
244 3520 311 3581 sqq.
336 3497 460 3561 onerati
485 3500 569 3560 sunt.
600 3494 671 3560 Nisi
695 3497 781 3580 quod
805 3496 891 3561 idem
913 3500 1023 3562 tamen
1046 3520 1106 3563 nec
1129 3499 1187 3563 im·

139 3637 165 3678 »r
193 3636 264 3677 sum
288 3612 452 3696 Sophoclii
475 3612 562 3676 illius
586 3614 683 3679 οὐδέν
706 3613 768 3679 ἐπ’
789 3612 981 3698 ἀπώμοτον,
1008 3618 1041 3678 11
1063 3615 1102 3679 de
1124 3616 1187 3680 hoc

139 3729 245 3792 imum
283 3750 399 3814 genere
436 3728 481 3792 sic
518 3728 646 3810 sentio,
682 3730 719 3790 ut
756 3727 910 3810 plurimas
940 3751 1057 3812 easque
1089 3731 1186 3817 longe

139 3845 247 3909 ssimae
276 3847 420 3908 veterum
447 3844 641 3928 scriptorum
668 3843 936 3926 interpolationes
968 3845 1070 3909 multo
1103 3847 1185 3909 anti-

139 3964 162 4024 is
199 3982 295 4044 quam
331 3961 519 4044 plerumque
556 3957 696 4023 creditur
732 3956 866 4042 originis
898 3980 967 4022 esse
999 3960 1186 4024 existimem.

139 4101 164 4141 n
192 4082 228 4140 ut
255 4077 290 4140 in
317 4098 351 4140 re
380 4075 513 4159 ancipiti
540 4075 647 4153 ἐπέχω
675 4073 710 4137 in
737 4073 900 4157 praesenti
928 4073 1077 4159 aliisque,
1109 4048 1188 4157 quid*

139 4217 172 4257 m
195 4193 276 4256 istae
300 4192 333 4256 lc:
356 4196 453 4256 notae
478 4191 539 4255 sibi
562 4191 672 4274 velint,
695 4189 904 4254 divinandum
928 4189 1083 4273 relinquo.

139 4310 178 4372 le
202 4332 230 4371 v.
254 4308 318 4371 292
341 4307 413 4371 vide
437 4307 478 4370 ad
502 4330 529 4371 v.
553 4308 627 4371 227.

139 4425 180 4489 ld
205 4447 234 4487 v.
249 4424 314 4488 335
339 4421 490 4509 (nequid
513 4424 597 4487 forte
620 4422 659 4485 de
682 4422 745 4486 fide
768 4443 840 4485 mea
863 4420 1065 4509 detrahatur)
1089 4423 1185 4488 unius

139 4542 200 4605 ilae
238 4539 421 4603 discrimine
458 4539 496 4603 de
529 4539 562 4602 A
597 4538 819 4602 testimonium
856 4559 962 4602 meum
999 4560 1019 4602 a
1050 4539 1184 4604 veritate
1245 4524 1252 4534 ⁸

141 4708 150 4741 ,
179 4661 216 4720 ut
243 4656 298 4739 qui
326 4677 393 4720 non
416 4677 686 4737 eassuaumuun,
709 4654 763 4718 sed
787 4657 1184 4722 tantummono-rensuum

139 4773 204 4837 1111
227 4772 435 4855 palimpsesto
459 4771 600 4854 legerim.

139 4914 168 4952 iti
183 4912 243 4952 Com.
259 4913 277 4961 I,
294 4915 310 4954 l.
326 4913 470 4952 'l'r'lnummue
956 4910 971 4944 θ
