2932 5452
155 344 228 387 xxrv
620 316 828 373 ruaurauro

246 481 286 548 V.
309 483 374 548 938
397 482 467 548 (loire
488 483 529 548 iu·
552 482 586 547 B
608 504 667 566 pro
690 482 786 546 debes:
814 504 844 546 v.
866 481 933 545 940
955 481 1075 547 deliciae
1097 505 1157 566 pro
1179 483 1292 549 deliciis.

246 589 286 655 V.
309 591 374 654 945
398 592 463 653 ioue·
486 612 544 674 pro
568 610 637 653 tum
660 592 762 672 extat,
789 588 823 653 B
850 592 958 655 autem
987 593 1035 654 rut
1049 589 1177 672 napata
1197 588 1296 669 habet,

159 697 243 762 unde
267 700 357 780 patet
380 718 416 761 33
440 696 479 759 ad
503 695 621 777 reomela
645 695 729 760 male
751 698 894 761 tractum
916 717 996 761 esse.

248 803 316 868 Iam
337 803 377 866 ad
396 802 596 886 corruptelas
616 802 713 887 paulo
737 803 903 887 graviores
927 808 964 867 ut
986 807 1165 887 transeam,
1186 802 1293 867 itemm

159 909 271 974 statim
295 909 336 973 ab
360 908 455 972 initio
479 907 608 972 fabulae
632 909 813 991 exemplum
837 910 962 995 desumi
984 912 1106 993 potest
1141 908 1294 975 Namut

159 1017 235 1100 quin
251 1017 445 1087 sententiam
460 1019 575 1100 poet-ae
596 1020 682 1080 reete
701 1016 957 1100 recuperaverim
976 1038 1043 1081 non
1062 1016 1190 1101 dubito,
1206 1017 1293 1081 verba

159 1125 231 1207 ipsa
253 1146 319 1188 non
343 1124 533 1206 spondeam:
556 1145 659 1206 neque
683 1125 792 1187 tamen
815 1122 846 1187 id
872 1123 1061 1207 scrupulum
1085 1124 1199 1205 movit,
1219 1122 1293 1209 quod

159 1230 246 1295 anobis
277 1251 453 1312 pronomen
483 1229 545 1293 hoo
572 1251 666 1293 versu
699 1250 869 1292 excurrens
900 1229 1093 1312 simpliciter
1123 1230 1215 1295 eieci:
1240 1230 1293 1295 boo

162 1337 245 1400 enim
270 1339 381 1419 aperte
406 1336 445 1399 ad
470 1358 497 1400 v.
523 1337 539 1398 7
566 1335 718 1418 pertinet,
743 1335 797 1398 ubi
823 1335 956 1400 innodiis
979 1336 1031 1400 vel
1054 1337 1092 1400 in
1117 1337 1199 1402 odiis
1222 1337 1292 1421 legi

160 1448 212 1506 tnr
235 1465 292 1526 pro
319 1445 352 1506 in
374 1443 467 1507 nobis.

247 1548 336 1613 Idem
362 1549 449 1613 valet
473 1548 510 1611 de
535 1572 563 1613 v.
585 1550 656 1629 710,
682 1570 777 1631 quem
802 1549 977 1614 restituens
1001 1551 1081 1614 mihi
1103 1550 1168 1636 (vel
1192 1552 1235 1617 mi
1251 1550 1291 1615 aa

159 1658 206 1741 R)
230 1678 296 1721 non
315 1656 454 1739 respexi:
482 1678 557 1719 narn
581 1679 610 1720 v.
631 1655 693 1719 709
718 1656 866 1719 insanum
891 1659 997 1722 exstat
1020 1658 1125 1723 utiles
1147 1658 1222 1740 qtrid
1237 1658 1288 1737 sor-

161 1764 244 1827 tia-uis
264 1765 349 1843 simi,
373 1785 436 1846 quo
462 1762 543 1826 illud
567 1762 680 1827 referri
704 1766 812 1844 potest
836 1767 991 1847 tunquam
1014 1768 1207 1831 correctura.

249 1868 406 1935 Similiter
426 1893 454 1935 v.
468 1871 533 1934 333
558 1870 641 1953 quod
668 1872 775 1949 erem
798 1872 864 1934 ioan
887 1871 1014 1936 restitui
1038 1893 1099 1954 pro
1123 1872 1219 1951 Quid
1235 1873 1287 1935 iam

160 1978 256 2040 simul
282 1977 345 2057 Quo
368 1975 428 2059 (sio
451 1976 497 2053 B,
520 1997 580 2058 qap
598 1974 672 2049 Clu
700 1976 794 2041 initio
818 1998 929 2042 versus
957 1977 1161 2060 insequentia
1188 1977 1288 2059 delens,

160 2107 226 2148 non
258 2088 326 2148 tam
360 2083 485 2147 duobus
518 2083 596 2147 locis
629 2083 766 2165 mutavi,
798 2104 893 2166 quam
926 2084 1065 2148 alterum
1100 2106 1138 2147 ex
1170 2082 1286 2165 altero)

159 2190 346 2256 emaculavi.

249 2297 373 2363 Eodem
397 2299 548 2381 pertinet,
571 2298 655 2382 quod
672 2321 699 2361 v.
714 2298 777 2362 587
800 2298 886 2362 Tic-ne
908 2320 979 2361 cum
999 2296 1165 2382 Gepperto
1187 2296 1283 2376 deleui3

161 2396 245 2470 nam⁸
259 2429 288 2471 v.
312 2406 376 2469 586
401 2411 434 2468 tn
457 2409 555 2487 extat,
577 2404 633 2468 ubi
657 2404 776 2468 dudum
796 2404 973 2469 Lambinus
998 2404 1101 2489 troffo)
1124 2398 1283 2487 reposuit&

176 2580 177 2584 ,
249 2512 332 2577 Item
359 2536 388 2578 v.
412 2512 476 2576 558
506 2511 594 2575 nolui
628 2532 700 2575 cnm
729 2511 864 2593 vulgata
896 2532 933 2574 ex
965 2510 1078 2574 uoltus
1104 2511 1153 2575 ‹n‘s
1179 2510 1282 2574 efficere

161 2621 225 2684 urolt
246 2620 354 2701 nodie,
378 2618 432 2682 sed
457 2618 521 2681 noli
542 2638 631 2681 3333
653 2619 755 2697 aedis,
779 2616 863 2700 quod
887 2639 958 2680 eum
983 2621 1125 2681 metrum
1149 2637 1280 2683 commen·

162 2727 218 2788 dat
240 2762 274 2769 —-
299 2726 345 2788 sio
365 2724 448 2788 eninr
469 2723 675 2811 transpositis
695 2745 756 2787 3333
773 2724 832 2788 ..siti
850 2722 1058 2806 supersedere
1074 2746 1234 2807 possumus
1250 2756 1278 2766 —

161 2837 230 2893 tum
246 2854 274 2894 v.
289 2832 353 2894 553
375 2829 529 2893 memoria
549 2832 731 2912 coufirmat,
755 2830 809 2893 ubi
834 2831 912 2894 bono
930 2852 998 2894 333
1022 2834 1123 2914 extat,
1145 2832 1215 2895 tono
1228 2850 1277 2891 ver·

165 2960 219 3000 sua
244 2938 387 3019 requirit.

250 3095 408 3158 Similiter
427 3119 456 3158 v.
476 3096 540 3158 596
567 3097 680 3175 natira?
703 3097 767 3167 ldie
789 3099 874 3177 apud
895 3059 1027 3163 ricinia-or
1050 3098 1221 3181 procreavit
1239 3093 1277 3174 qni

166 3204 240 3265 ilitio
263 3203 348 3282 opud
369 3222 416 3263 nro
438 3206 511 3263 erut.

250 3307 351 3370 Porro
376 3332 403 3372 v.
424 3309 485 3371 317
513 3314 545 3371 et
567 3331 696 3389 pinnum
721 3310 811 3371 nzilai
834 3315 866 3372 ot
893 3315 1017 3391 tuaque
1047 3311 1120 3394 (pro
1143 3317 1223 3392 niqra
1241 3305 1277 3369 rel

161 3412 260 3499 utqui)
291 3415 435 3498 linguam
466 3438 592 3478 vorsum
622 3417 815 3479 sententiam
844 3418 1028 3500 inquinant,
1057 3420 1141 3482 unde
1168 3424 1196 3480 tu
1221 3412 1278 3478 ariiu'

161 3524 194 3585 in
215 3546 324 3586 versus
345 3523 562 3586 antecedentia
587 3528 732 3603 apertam
758 3523 904 3586 lacunam
924 3525 1103 3605 praemisso
1122 3526 1181 3589 lanu
1199 3530 1279 3587 trans·

162 3631 233 3710 tuli,
258 3654 321 3713 qno
345 3630 431 3693 facto
456 3631 564 3692 omnia
587 3651 665 3691 sana
690 3633 772 3692 sunt.

250 3735 289 3799 V.
315 3738 377 3799 753
403 3738 450 3800 od
472 3737 586 3798 melius
610 3736 748 3817 quadrat
772 3759 867 3819 (praru
893 3738 954 3819 tibi,
979 3760 1006 3800 v.
1030 3744 1148 3818 autern·
1164 3740 1221 3802 762>
1241 3735 1282 3798 nti

161 3865 219 3925 pro
245 3847 271 3904 io
294 3843 506 3923 desideratur,
530 3842 613 3906 unde
638 3844 663 3904 si
688 3865 752 3905 nno
779 3845 847 3907 looo
873 3843 951 3906 olim
976 3852 1143 3924 peceatum
1169 3848 1231 3908 erat
1249 3842 1284 3904 fa·

161 3949 219 4012 oile
244 3971 281 4011 ex
306 3952 489 4012 correctura
513 3950 594 4011 alter
617 3949 785 4031 depravari
809 3950 924 4032 potuit.

235 4126 260 4188 1)
282 4126 355 4192 Quid
375 4127 505 4193 corrupto
525 4112 613 4191 niaque
629 4140 661 4177 ex
679 4124 736 4193 Quo
753 4128 877 4180 correcto
892 4124 1007 4194 insuper
1025 4143 1066 4179 nte
1085 4127 1182 4181 intulit
1200 4125 1287 4180 codicia

160 4202 187 4252 B
202 4201 331 4256 librarius
347 4204 423 4258 verbi
440 4205 673 4258 constructionum
690 4205 848 4273 restituens,
864 4205 918 4258 loci
934 4207 1103 4260 sententiam
1117 4209 1204 4277 magis
1218 4206 1287 4260 etiarm

160 4296 345 4347 corrumpens.

232 4362 259 4421 2)
280 4359 367 4413 Versu
387 4366 481 4416 autem
502 4371 566 4431 7⁴2ss,
592 4365 639 4417 ubi
663 4367 787 4420 noniatiu
810 4372 869 4420 tun
893 4366 997 4437 legitur
1020 4386 1071 4436 pro
1097 4371 1238 4434 rtosaisstia
1259 4375 1289 4421 ta

160 4436 233 4505 quod
252 4438 326 4491 male
345 4442 455 4494 accedit
474 4444 556 4508 3333,
576 4462 661 4511 prava
681 4446 791 4500 videtur
810 4451 859 4500 tua
879 4445 985 4501 formae
1005 4451 1165 4505 correctura
1183 4465 1247 4503 3333,
