2932 5452
540 718 743 775 aunarium
1158 751 1209 790 xm

62 881 208 967 Bergkio
240 881 378 967 cogitari
410 872 514 965 posse.
559 882 648 947 Idem
681 905 755 948 vero
788 905 900 949 versus
932 884 997 950 259
1032 908 1086 951 eos
1119 887 1208 953 locos

64 991 174 1074 auget,
196 989 314 1074 quibus
338 989 548 1074 integriorem
565 989 790 1055 Palatinorum
809 993 999 1057 memoriam
1018 1015 1115 1077 quam
1131 993 1209 1058 Am-

49 1096 210 1163 brosiani
233 1117 303 1162 csse
328 1095 438 1161 eadem
463 1118 562 1181 opera
580 1097 717 1181 probare
738 1097 853 1163 studui.
881 1097 913 1163 N
916 1121 967 1163 am
986 1099 1037 1164 illi
1056 1099 1117 1166 hoc
1136 1100 1208 1164 loco

63 1224 138 1269 non
159 1204 264 1269 solueo
287 1207 456 1267 servarunt
479 1226 551 1269 cum
577 1203 761 1269 Sacerdote:
791 1205 875 1289 quod
899 1227 971 1270 cum
994 1228 1059 1271 non
1082 1207 1207 1272 intelle-

64 1314 159 1397 geret
188 1309 241 1394 qui
270 1310 521 1376 Ambrosianum
552 1311 690 1396 redegit,
722 1318 781 1377 sut
806 1314 909 1377 solaco
937 1312 1069 1397 scripsit
1095 1314 1209 1399 pingui

63 1417 326 1502 interpolatione.
367 1417 562 1502 Niemeyero
587 1440 663 1482 sane
687 1418 767 1483 haec
789 1419 898 1502 potius
923 1420 1084 1503 scriptura
1107 1419 1208 1505 ‘egre-

64 1524 137 1610 gia’
158 1525 293 1609 videtur,
317 1525 378 1615 etsi
396 1548 460 1590 non
480 1526 619 1609 explicat
638 1526 715 1610 quid
735 1526 858 1611 egregii
878 1527 959 1590 insit
976 1527 1010 1591 in
1028 1549 1118 1592 mera
1136 1533 1209 1592 tau-

63 1631 240 1719 tologia¹):
278 1637 312 1697 at
347 1634 519 1718 negatione
558 1633 643 1717 quod
682 1631 816 1698 ‘everti'
857 1634 1053 1699 sententiam
1087 1632 1208 1721 dixit2),

66 1739 201 1805 eundem
225 1761 297 1804 cum
317 1739 525 1805 Ambrosiani
549 1743 727 1805 correctore
752 1762 882 1805 sensum
905 1744 937 1804 et
968 1762 1108 1806 errorem
1137 1763 1209 1825 pro·

65 1845 155 1911 didit
192 1832 415 1930 Nam'parum
439 1848 583 1931 percepit
609 1883 648 1892 -
674 1846 706 1910 id
730 1847 814 1930 quod
843 1850 953 1930 aperte
978 1848 1028 1912 vel
1052 1847 1208 1913 Sacerdos
1264 1856 1268 1864 '

64 1952 171 2017 innuit
197 1950 399 2031 ‘irridenter'
428 1955 526 2020 verba
557 1955 644 2019 dicta
677 1977 747 2019 esse
780 1975 1023 2039 agnoscens-
1047 1977 1110 2020 noa
1139 1955 1157 2018 i.
1184 1977 1210 2018 e.

63 2080 165 2125 nonne
188 2061 409 2144 quaestionem
434 2062 559 2126 efficere
578 2061 741 2126 ironicam.
773 2061 847 2126 Non
866 2064 978 2128 melius
997 2064 1206 2145 Niemeyerus

62 2166 102 2231 de
130 2166 204 2232 aliis
232 2169 379 2233 versibus
407 2167 574 2250 iudicavit,
607 2167 645 2231 de
680 2168 797 2252 quibus
829 2172 939 2232 tamen
970 2169 1047 2234 nolo
1083 2169 1211 2252 longior

64 2295 148 2356 esse,
180 2295 253 2339 cum
286 2274 480 2339 sententiam
513 2295 618 2338 meam
651 2278 684 2338 et
716 2274 792 2338 olim
817 2275 1018 2358 exposuerim
1046 2275 1209 2359 plerisque

62 2381 279 2465 probantibus
303 2386 336 2445 et
360 2381 499 2445 nuncin
524 2380 786 2445 adnotationibus
811 2382 1068 2464 significaverim.
1095 2367 1097 2370 Α

153 2488 238 2553 Item
262 2511 343 2573 quas
365 2488 632 2572 interpolationes
651 2489 888 2573 dittographias
907 2490 1041 2553 lacunas
1061 2493 1117 2553 arat
1140 2489 1209 2572 ipse

62 2595 238 2680 indagasse
260 2595 341 2660 mihi
360 2595 469 2659 videor
493 2599 549 2658 aut
567 2617 639 2659 cum
664 2595 737 2658 aliis
759 2596 867 2677 statui,
891 2597 925 2659 in
945 2595 1208 2661 adnotationibus

60 2702 175 2786 paucis
199 2701 410 2767 adumbrasse
434 2702 515 2765 satis
539 2701 652 2765 habac.

153 2806 267 2894 Neque
289 2810 317 2873 is
341 2810 432 2874 locus
456 2808 531 2873 huic
549 2809 743 2892 praefationi
763 2809 891 2873 concedi
910 2813 1027 2893 potest,
1052 2813 1087 2873 ut
1106 2811 1207 2875 fusius

62 2936 161 3000 agam
185 2916 224 2980 de
248 2921 299 2981 tot
328 2917 406 2981 locis
430 2915 688 2998 difficilioribus,
721 2916 759 2979 de
789 2917 906 3000 quibus
935 2916 1137 3000 amplissima
1166 2918 1209 2980 sit

62 3023 250 3107 disputandi
274 3024 418 3088 materia.

154 3129 325 3195 Praeterea
348 3134 424 3194 sunt
442 3151 502 3212 res,
525 3129 564 3192 de
585 3128 701 3212 quibus
720 3129 792 3194 ideo
811 3129 893 3194 nihil
912 3130 1025 3212 dicam,
1048 3129 1123 3214 quia
1142 3152 1209 3194 non

59 3236 169 3301 habeo
193 3259 275 3320 quae
299 3241 375 3322 apte
398 3235 570 3319 proferam.
608 3234 706 3299 Velut
728 3237 812 3319 quod
831 3242 918 3302 recte
936 3260 1001 3302 non
1021 3239 1092 3321 plus
1112 3261 1208 3321 quam

60 3346 218 3428 quattuor
251 3347 342 3408 actus
375 3343 570 3408 constituere
599 3364 784 3426 possumus,
817 3345 951 3409 offendit
980 3367 1073 3428 sane,
1106 3366 1208 3429 neque

59 3457 175 3516 tamen
200 3450 333 3515 offensio
354 3450 401 3514 ita
420 3448 554 3531 tollitur,
578 3452 615 3512 ut
634 3471 705 3512 cum
721 3446 895 3515 Sclnnitzio
915 3456 1097 3517 statuamus
1117 3453 1207 3536 quin·

57 3561 134 3622 tum
159 3562 265 3622 actum
290 3558 399 3621 deesse
422 3556 584 3640 integrum
608 3556 659 3619 vel
683 3579 755 3619 cum
772 3556 945 3642 Spengelio
969 3563 1025 3623 aut
1049 3563 1123 3624 ante
1142 3563 1206 3623 ter·

57 3664 145 3730 tium
170 3668 227 3728 aut
249 3667 325 3747 post
348 3663 479 3726 tertium
502 3661 703 3725 intercidisse
727 3665 832 3727 totum
857 3670 974 3729 actum.
1019 3665 1104 3730 Nam
1129 3665 1208 3730 illud

138 3814 163 3880 1)
184 3812 317 3866 Similiter
335 3827 424 3880 nuper
442 3808 584 3864 Vahlenus
604 3807 631 3860 in
652 3809 710 3863 lud.
731 3809 794 3863 lect.
816 3811 904 3865 Bercl.
925 3815 994 3866 aest.
1013 3831 1038 3867 a.
1061 3819 1129 3867 1878
1149 3832 1175 3881 p.
1192 3822 1207 3868 8
1259 3811 1262 3815 ’

59 3893 199 3949 ‘versum’
221 3893 232 3945 l
253 3899 276 3961 1,
296 3899 330 3946 60
348 3891 568 3960 phronesiffiejm:
587 3907 650 3942 nora
666 3890 809 3957 phronesis
832 3897 870 3944 est
892 3893 1029 3958 supierrtiu
1049 3909 1104 3946 uon
1124 3894 1206 3947 modo

56 3972 178 4030 tolerari
203 3990 296 4042 posse,
321 3972 370 4025 sed
390 3970 562 4040 ‘perutilem'
583 3986 643 4024 esse
663 3971 819 4024 contendit:
844 3989 891 4025 eur
911 3987 975 4023 vero
997 3971 1147 4040 ‘perutilis’
1169 3972 1206 4024 sit

55 4054 156 4111 inanis
173 4053 293 4107 nominis
312 4051 467 4121 planissimi
486 4050 659 4118 explanatio,
679 4067 734 4104 non
752 4049 843 4119 magis
863 4048 935 4103 dixit
953 4067 1037 4117 quam
1058 4051 1106 4118 qui
1123 4052 1206 4118 phro-

55 4136 150 4190 nesim
172 4131 309 4202 scriptura
327 4149 361 4186 ex
379 4131 405 4183 Z
420 4133 534 4198 recepta
552 4133 627 4182 recta
647 4129 758 4182 defendi
778 4127 879 4197 possit:
900 4146 982 4196 quam
1004 4145 1085 4182 versu
1105 4130 1127 4183 si
1147 4131 1208 4199 qui-

55 4216 127 4269 dem
143 4211 237 4266 Plauti
256 4215 329 4266 esset
342 4210 487 4280 postulari,
507 4208 645 4261 sententia
664 4207 757 4277 respui
776 4205 839 4274 quis
858 4224 913 4261 non
933 4207 1027 4261 videt?
1058 4207 1138 4263 Novo
1153 4208 1207 4279 igi-

53 4297 108 4350 tur
128 4292 255 4362 exemplo
276 4290 417 4346 Vahlenus
441 4289 564 4343 ostendit
587 4287 763 4342 audaciorem
787 4303 846 4340 essa
871 4285 1008 4340 neminem
1028 4303 1111 4354 quam
1132 4290 1206 4343 criti-

10 4437 13 4445 ,
54 4390 127 4429 cum
145 4371 221 4426 insto
240 4370 417 4426 timidiorem.

134 4454 162 4520 2)
180 4450 362 4520 Niemeyerus
383 4451 428 4504 ‘de
447 4449 487 4502 Pl.
507 4448 562 4503 fab.
583 4465 635 4502 rec.
651 4448 738 4516 dupl’
760 4466 785 4516 p.
802 4454 830 4501 9:
852 4448 928 4500 ‘nam
948 4447 971 4500 si
992 4447 1145 4502 Stratullax
1165 4448 1206 4503 di·

54 4549 125 4590 cere
146 4531 292 4587 voluisset:
312 4547 483 4600 quamquam
507 4532 637 4599 aegrotus
657 4545 727 4594 sum,
746 4531 840 4580 tamen
859 4529 909 4581 tua
927 4527 1016 4600 saluts
1036 4527 1128 4582 sanior
1146 4545 1206 4584 esae

54 4614 142 4679 nolo,
170 4615 199 4666 et
222 4611 378 4666 orationem
401 4610 483 4664 aliter
506 4609 627 4663 formare
651 4607 772 4661 debebat
793 4624 884 4676 neque
903 4607 1095 4662 coniunctivus
1114 4611 1206 4664 malim

54 4690 192 4761 intellegi
210 4691 324 4760 posset?
353 4689 459 4743 Deinde
478 4688 548 4742 dicit
567 4688 745 4758 negationem
764 4687 811 4755 qui
830 4688 958 4742 intulerit
974 4688 1145 4743 ‘coniectura
1163 4695 1207 4743 sat

53 4772 169 4841 inepta'
189 4772 269 4825 illam
288 4770 455 4825 sententiam
474 4769 583 4823 efficere
597 4767 728 4833 voluisse,
747 4784 831 4837 quam
850 4768 908 4838 ipse
927 4769 1010 4821 antea
1027 4771 1103 4823 recte
1123 4786 1206 4840 nega-

54 4849 104 4909 vic
121 4851 152 4906 in
170 4850 264 4907 verbis
281 4850 371 4907 inesse
390 4865 478 4922 posse.
