2934 5048
659 317 797 372 murm
1098 318 1141 372 iv
1159 325 1188 387 e,
1207 325 1306 373 er-rs

651 476 806 530 Aenum

687 568 777 634 Idem
802 570 862 653 ego
886 568 970 635 istoc
988 571 1143 636 delutum
1159 571 1237 636 seio.
1260 587 1306 635 ree

157 675 206 740 De
229 677 267 740 ed
291 697 375 738 nunc
400 675 480 740 bene
504 679 579 741 sunt
601 678 659 741 turi
681 676 810 739 uirtute.

644 797 809 850 Dinmzcnve

791 886 918 954 Mihine
940 893 978 953 ut
1000 890 1137 956 inimici
1157 893 1223 956 mei

152 995 248 1060 'Bina
272 996 344 1060 istic
371 997 528 1061 caedant?
559 997 720 1060 mutuom
748 994 855 1060 hercle
882 998 934 1060 me‘
961 1019 1060 1081 quem
1092 999 1128 1063 id
1156 1000 1265 1083 patiar

952 1104 1119 1169 mrinelim.

653 1221 808 1277 Amnemvu

158 1315 256 1397 [Mihi
279 1316 424 1380 inimicos
448 1312 593 1379 inuidere
616 1316 711 1399 quim
735 1335 786 1378 me
808 1314 949 1381 inimicis
973 1316 1148 1382 mduelim:
1277 1339 1301 1378 u

157 1421 240 1486 Nam
264 1420 408 1486 inuidere
427 1420 588 1486 alii'bene
612 1443 696 1505 esse,
718 1419 783 1485 tibi
806 1422 890 1485 mele
912 1443 984 1486 esse
1007 1420 1200 1506 miserint]

157 1527 219 1602 Qui
241 1525 389 1594 inuident
412 1533 521 1614 egent:
545 1530 611 1593 illis
631 1529 747 1613 quibus
765 1526 944 1614 incidetur,
967 1527 982 1593 1'
1004 1551 1073 1595 rem
1095 1531 1228 1596 hebent
1250 1546 1295 1596 ru

158 1632 305 1700 Stultu's!

648 1754 814 1810 Dmuncnrs

321 1849 406 1924 Quid
430 1850 463 1915 id
487 1849 557 1913 est?
581 1849 683 1934 iperi!

159 2105 189 2157 in
207 2102 354 2158 obsonium
373 2105 400 2158 L
467 2119 520 2173 ego
539 2102 602 2156 add.
624 2101 777 2155 Muellerus
791 2120 821 2171 p.
841 2108 898 2158 672
979 2105 1052 2158 istoc
1070 2106 1140 2160 BL.
1172 2105 1252 2171 istinc
1270 2105 1294 2160 0.

158 2183 230 2238 istuc
254 2183 321 2238 DZ.
359 2185 394 2251 cf.
414 2185 550 2253 Berytiue
568 2183 585 2234 l.
604 2197 625 2234 e.
644 2196 665 2235 e.
680 2199 710 2249 p.
730 2187 767 2235 66
902 2189 961 2238 741.
980 2184 1056 2239 Deeo
1075 2185 1140 2240 BD
1239 2196 1294 2238 eunt

159 2266 308 2336 Seyffertue
331 2265 363 2318 iu
381 2265 480 2317 Philol.
500 2269 519 2316 t.
540 2260 688 2314 XXVIII
703 2265 741 2327 (a.
760 2266 848 2326 1868)
861 2280 891 2329 p.
911 2266 966 2315 467
985 2279 1045 2316 cum
1063 2265 1167 2318 Brixia
1185 2266 1256 2332 epist.
1266 2281 1291 2332 p.

160 2349 204 2400 13.
220 2363 281 2398 sum
297 2345 370 2399 libri.
395 2361 489 2397 sumne
499 2340 674 2396 Camerarius
727 2341 831 2397 uirtute
841 2340 911 2396 BD.
930 2341 1065 2397 uirtutem
1075 2345 1105 2399 0.
1116 2363 1184 2400 corr.
1196 2345 1249 2398 LZ

159 2425 265 2478 mihine
284 2422 324 2478 Ε.
357 2424 412 2478 ime
432 2439 476 2477 me
495 2422 530 2476 B.
559 2423 616 2492 ime
632 2421 660 2475 0.
688 2420 744 2476 ime
758 2423 795 2477 D.
825 2423 909 2476 immo
924 2421 989 2478 LZ.
1019 2423 1099 2479 illine
1120 2426 1288 2481 Camerarius.

159 2505 285 2558 minuma
303 2505 429 2558 Belliiue.
459 2518 558 2556 meane
583 2502 741 2571 Spcuqelr'ue
766 2519 826 2556 cum
844 2502 946 2556 Brinio
964 2505 1041 2571 epist.
1057 2524 1086 2573 p.
1109 2512 1144 2561 13
1214 2510 1239 2559 et
1256 2512 1290 2573 (nt

163 2585 347 2650 Camerarius)
371 2583 477 2637 inimici
502 2582 556 2636 mei
576 2583 641 2639 Lu.
675 2584 747 2636 utini
770 2581 909 2649 (meutini)
935 2585 1005 2636 emci
1026 2585 1082 2638 mei
1100 2588 1136 2639 B.
1168 2589 1199 2639 ut
1216 2585 1287 2638 inien

161 2666 250 2719 cimei·
273 2664 300 2717 0.
330 2663 446 2716 utiniem
467 2663 556 2731 cymei
575 2664 605 2715 D
680 2680 742 2715 mea
761 2660 858 2715 Deuca
949 2670 1008 2716 742.
1029 2665 1098 2718 istec
1119 2667 1144 2717 L
1185 2666 1286 2720 caedent

161 2747 346 2813 Kr'reslirurius
360 2762 428 2797 crue.
440 2762 469 2812 p.
487 2749 554 2798 622.
571 2749 626 2797 638
638 2744 767 2810 (caedant
781 2744 919 2798 Goelrius:
937 2747 970 2810 cs.
982 2748 1042 2798 :let
1054 2763 1105 2799 soc.
1115 2747 1255 2814 philLips.
1270 2751 1284 2795 l.

160 2825 247 2892 [Vp.
273 2827 399 2892 mse).
433 2826 532 2877 cedent
555 2823 652 2876 BOI).
691 2823 773 2876 edent
798 2824 862 2877 LZ.
895 2824 980 2878 edant
1005 2825 1185 2881 Camerarius.
1222 2827 1282 2879 edint

160 2905 285 2957 Bellriue.
320 2905 469 2957 comedant
494 2904 618 2957 ll'cisiun
649 2903 789 2956 comedint
813 2907 1016 2959 n'tudernuurlus
1041 2925 1101 2959 curn
1126 2907 1247 2976 Segrffcrlo
1260 2924 1280 2971 p.

160 2988 266 3050 Idleq.
340 2986 481 3035 mortuum
502 2984 624 3052 (mortun
643 2984 680 3049 B)
700 2986 766 3036 libri
837 2986 947 3051 herclue
967 2986 996 3037 I)
1070 2985 1245 3039 herclemeB

160 3062 188 3116 id
209 3063 233 3115 L
256 3079 316 3114 cum
339 3063 447 3114 Bellu'o.
477 3064 537 3116 utid
558 3064 593 3115 Β.
623 3068 653 3115 ut
677 3063 704 3114 id
725 3064 815 3116 CDZ.
849 3068 883 3131 cs.
910 3067 1063 3119 Muellerus
1082 3084 1112 3135 p.
1133 3071 1187 3119 329

160 3149 211 3196 743
226 3160 263 3211 sq.
288 3141 386 3195 Versus
402 3144 550 3209 parallelos
564 3145 665 3195 inclusi
679 3145 724 3209 (ef.
739 3145 833 3199 ‘Aurrl
856 3146 960 3198 Plaut'
978 3163 1008 3212 p.
1028 3152 1064 3198 13
1084 3147 1148 3199 ndu.
1168 3150 1223 3212 2I):
1239 3159 1278 3195 run

160 3230 228 3277 recle
248 3224 401 3275 Muellerus
420 3240 449 3291 p.
471 3228 530 3276 341.
552 3228 605 3276 733
629 3225 694 3276 ndu.
721 3226 801 3276 elium
825 3243 847 3278 v.
868 3231 920 3278 745
947 3228 976 3277 iu
999 3227 1174 3292 erupr'lionrru
1198 3221 1278 3276 record

250 3310 308 3358 743.
334 3304 408 3356 Pers,
427 3309 496 3370 spat.
518 3305 547 3355 iu
568 3304 596 3355 l)
699 3303 767 3356 mihi
789 3305 844 3357 OD
934 3304 1062 3358 inimicos
1083 3306 1146 3358 LZ.
1175 3303 1277 3357 inimicus

158 3382 221 3438 130.
251 3382 349 3439 inimic'
367 3384 396 3435 I)
468 3383 593 3437 inuideri·
612 3382 682 3435 BD.
712 3383 866 3437 inuiderein
887 3384 915 3437 Ο.
941 3401 1010 3437 corr.
1030 3384 1088 3436 LZ
1172 3379 1276 3437 mauelin

159 3462 191 3517 dt
206 3480 266 3517 cum
281 3464 314 3517 G.
325 3464 493 3517 Herrnuuue.
533 3463 600 3516 ineis
627 3463 692 3515 lilrri
743 3465 896 3532 mulue)lim
917 3466 998 3517 initio
1017 3482 1110 3517 rursus
1131 3461 1277 3518 Currururius

158 3545 292 3611 repetiuit,
306 3545 379 3597 uuile
397 3543 524 3596 inimicos
540 3543 608 3595 mihi
618 3542 748 3607 Bolluue,
772 3546 851 3596 elium
871 3542 990 3596 inimicis
1009 3560 1054 3597 me
1070 3545 1222 3611 Spurqelius
1237 3545 1276 3590 tru-

158 3624 229 3687 r'ecit,
248 3624 339 3676 miuus
358 3629 434 3689 recle,
449 3624 610 3690 pracsertim
629 3640 689 3675 curu
709 3622 777 3675 meis
792 3640 843 3691 per
862 3639 888 3675 se
907 3625 1036 3688 oli'eurlut.
1070 3620 1277 3676 ticiniensem

158 3708 221 3754 anle
244 3719 267 3755 v.
292 3707 345 3757 743
370 3704 498 3755 lruicierrs
521 3720 553 3755 ere
577 3704 625 3754 illo
649 3702 781 3754 muuelim
806 3705 939 3757 ucez'reral
964 3703 1027 3755 med
1051 3720 1076 3756 υ.
1098 3708 1150 3758 744
1173 3702 1277 3754 iuducere

158 3781 297 3847 eodemque
316 3784 433 3848 artificio
453 3784 601 3851 Seyfferlus
619 3798 686 3834 usue
704 3787 741 3834 est
762 3784 778 3835 l.
797 3800 818 3835 e.
837 3800 858 3838 s.
874 3787 1028 3851 1646839,
1049 3787 1206 3838 aecenlunlr
1221 3780 1278 3846 Bur·

157 3859 202 3926 uic
222 3859 252 3911 iu
273 3860 382 3927 ‘lrpnsn
399 3864 495 3928 plrilcl.
516 3863 552 3914 ud
578 3862 674 3915 Made.
700 3863 799 3915 rru'ssie'
818 3881 846 3929 p.
866 3868 935 3917 190:
962 3881 1128 3931 quamquam
1152 3878 1227 3932 neque
1245 3857 1278 3909 illl

157 3954 241 4003 neque
259 3939 289 3990 lu‘
303 3943 471 4007 probabilem
490 3943 573 3994 liuius
593 3958 683 3994 uersus
701 3943 869 4009 scripturum
891 3944 930 3996 sic
944 3949 1096 4011 potueruut
1116 3946 1214 4009 efficere

159 4022 216 4071 744.
238 4036 296 4071 esse
317 4020 429 4073 miserie
449 4024 490 4075 est
506 4022 686 4076 Currurarr‘ue.
722 4023 783 4077 &em
804 4022 876 4076 seria
896 4023 966 4075 mesi
982 4024 1017 4075 B.
1047 4041 1108 4076 esse
1124 4014 1278 4076 inserianesi·

159 4095 186 4145 U.
216 4098 249 4149 ffe
268 4099 371 4151 inseriu
390 4100 458 4153 mesi
478 4102 513 4153 I).
543 4100 674 4154 miserum
694 4107 737 4156 est
756 4104 815 4155 LI,
888 4109 947 4156 745.
969 4102 1022 4166 Qui
1038 4103 1072 4156 L.
1103 4092 1280 4167 Quidulul

228 4173 270 4226 illi
290 4178 315 4227 L
370 4177 409 4233 ini
429 4182 463 4233 B.
493 4179 561 4233 irem
583 4182 779 4250 (⁷D(e.ciram
797 4182 838 4249 0).
873 4199 931 4235 rem
951 4184 1016 4236 LZ.
1037 4200 1107 4236 corr.
1123 4185 1238 4237 Bellrius.

158 4254 217 4302 746.
238 4251 342 4306 S‘ultus
361 4258 388 4308 B
409 4263 453 4326 (ef.
474 4279 497 4313 r.
519 4267 589 4325 730).
621 4260 729 4315 Stultus
753 4264 840 4316 celeri.
871 4262 989 4316 Stultius
1010 4263 1089 4331 (quid
1109 4269 1161 4321 eet)
1184 4259 1276 4330 Senties·

157 4331 413 4399 ruscumuepperro
467 4339 532 4394 Drx.
553 4341 620 4409 quid
635 4341 664 4394 id
683 4348 743 4396 eet?
764 4344 854 4410 aperi!
874 4344 942 4397 Asu.
959 4344 1032 4408 Quid
1047 4344 1121 4396 iam?
1141 4343 1204 4396 Dru.
1222 4335 1276 4403 duit

156 4405 203 4473 pol
223 4407 262 4460 Ξ.
291 4412 357 4477 quid
377 4418 420 4468 eet
439 4420 463 4485 (e
484 4421 522 4487 Il)
542 4421 649 4490 urrerire
669 4423 735 4490 quid
760 4424 816 4476 ium
840 4424 879 4492 (ie
899 4425 937 4490 D)
957 4424 1025 4492 quin
1048 4423 1096 4492 pol
1115 4424 1209 4478 Bor).
1237 4413 1276 4479 Qui
