2932 5452
416 1728 982 1814 PRAEMONITA

537 1932 740 1988 VOLVMINIS
759 1933 867 1988 PRlbss

624 2148 774 2155 -..--..-.-

217 2322 494 2407 Prolegomena
525 2321 566 2385 ad
593 2320 744 2385 Plautum
776 2322 960 2386 universum
994 2326 1186 2408 spectantia,
1218 2327 1273 2390 sed

125 2463 165 2504 ca
189 2443 222 2504 et
243 2460 330 2504 nova
352 2439 385 2500 et
407 2436 484 2502 olim
503 2435 596 2500 editis
619 2434 788 2520 pressiora,
807 2437 959 2520 quoniam
978 2439 1126 2503 ultimum
1145 2440 1273 2506 demum

125 2554 316 2619 fasciculum
340 2550 512 2616 voluminis
535 2551 629 2635 primi
658 2551 907 2635 comitabuntur,
935 2553 1064 2618 interim
1087 2576 1125 2618 ex
1149 2555 1211 2619 illis
1235 2577 1272 2619 ea

125 2669 189 2735 hoc
222 2670 292 2734 loco
325 2665 533 2752 anticipanda
566 2689 635 2731 esse
667 2666 774 2750 video,
810 2668 925 2751 quibus
958 2691 1054 2752 quam
1087 2669 1272 2734 brevissime

126 2786 210 2850 ratio
233 2783 385 2849 reddatur
408 2781 639 2866 praesidiorum
659 2782 842 2848 criticorum
861 2783 956 2847 huius
978 2784 1080 2867 ipsius
1099 2783 1271 2848 voluminis

129 2900 247 2965 fabulis
271 2897 473 2964 recensendis
496 2895 723 2961 adhibitorum.

215 3014 406 3079 Posthabito
434 3013 534 3098 igitur
561 3012 806 3096 proletariorum
840 3011 984 3078 codicum
1013 3034 1110 3098 grege
1143 3015 1270 3079 saeculo

127 3131 194 3199 XV,
218 3131 409 3214 scriptorum
438 3131 692 3193 consentaneum
720 3128 781 3191 fuit
808 3150 938 3213 operam
970 3131 1115 3193 nostram
1143 3150 1269 3192 omnem

127 3246 187 3309 niti
210 3245 392 3308 tabularum
406 3244 630 3308 Plautinanrm
653 3242 797 3307 fontibus
822 3245 983 3327 quattuor,
997 3243 1035 3307 de
1059 3243 1174 3327 quibus
1198 3266 1270 3308 cum

126 3360 362 3445 Opusculorum
390 3360 451 3424 vol.
474 3358 506 3422 II
535 3358 759 3422 dissertatione
788 3357 891 3442 prima
919 3362 951 3422 et
978 3359 1080 3423 altera
1102 3363 1171 3423 tum
1194 3359 1270 3425 Pro·

125 3477 318 3561 legomenon
346 3474 490 3559 priorum
518 3473 629 3556 primis
657 3473 816 3557 capitibus
847 3474 1028 3558 expositum
1056 3478 1105 3538 est
1132 3474 1270 3539 uberius.

126 3589 341 3674 Nam'quinti
375 3589 539 3653 cuiusdam
568 3588 698 3672 eiusque
726 3589 874 3672 pothoni,
906 3611 1000 3673 quem
1035 3591 1162 3655 saeculo
1191 3589 1267 3654 XVI

125 3706 209 3769 intcr
236 3703 466 3789 Francogallos
494 3704 652 3767 exstitisse
681 3707 803 3767 certum
826 3708 876 3768 est
899 3743 939 3750 -
964 3707 1167 3770 membranas
1191 3705 1269 3770 Tur·

126 3820 281 3884 nebianas
314 3820 385 3883 dico
419 3857 458 3865 -
492 3819 588 3883 hodie
619 3840 678 3882 nec
712 3819 785 3882 vola
821 3842 879 3883 nec
913 3821 1083 3905 vestigium
1116 3825 1269 3904 superest.

125 3935 208 4001 Sunt
230 3939 338 4000 autem
362 3938 515 4018 quattuor
537 3934 584 3997 illi
608 3933 641 3996 hi
665 3956 744 4017 quos
768 3934 854 3998 infra
877 3934 997 4016 scripsi.

213 4051 244 4115 A
277 4050 481 4114 membranae
511 4049 736 4134 palimpsestae
760 4049 837 4112 olim
861 4047 1049 4130 Bobienses,
1074 4071 1160 4111 nunc
1184 4047 1268 4111 Am-

124 4166 345 4248 brosianae,
367 4165 485 4229 fabulis
510 4163 735 4249 superstitibus
763 4185 860 4227 unam
884 4166 917 4226 et
940 4162 1122 4227 vicesimam
1146 4162 1268 4228 socian-

123 4285 172 4345 tes
187 4280 403 4363 Vidulariam,
426 4280 545 4345 saeculi
568 4282 605 4343 ut
628 4278 794 4362 probabile
818 4281 867 4341 est
890 4278 1004 4361 quinti,
1023 4281 1136 4342 octavo
1160 4281 1268 4342 autem

123 4394 315 4479 recipiendis
344 4396 459 4459 veteris
487 4393 672 4459 testamenti
696 4392 786 4455 libris
810 4393 968 4477 ‘Regum'
994 4393 1140 4475 nequiter
1163 4394 1267 4457 elutae

122 4532 291 4594 rasaeque,
318 4509 454 4594 receptis
486 4532 559 4573 raro
587 4507 732 4591 exemplo
765 4507 898 4591 oblitae,
925 4530 1050 4591 exesae,
1079 4509 1268 4594 perforatae,

122 4625 185 4690 situ
214 4630 247 4688 ct
275 4624 404 4689 madore
437 4628 605 4708 corruptae
635 4623 953 4708 conglutinataeque,
980 4623 1116 4707 denique
1149 4644 1267 4709 magna

120 4728 159 4805 ex
183 4744 276 4825 parte
299 4740 450 4804 miserum
474 4740 508 4803 in
532 4738 661 4803 modum
685 4738 882 4803 devastatae:
905 4737 1080 4804 Mediolani
1104 4743 1178 4823 post
1201 4737 1266 4802 An-
