2932 5452
102 717 244 769 680-616
583 709 768 767 APPstx
1186 711 1247 777 159

102 873 193 928 siccus
211 889 310 928 aarum
328 872 439 929 interim
456 873 584 944 Pylades.
613 873 660 927 Ad
679 873 784 927 ciccum
800 875 835 940 cf.
850 874 975 929 Loewius
989 874 1086 930 Prodr.
1098 892 1127 944 p.
1143 880 1246 944 27400.

102 955 262 1025 (Winterus
287 955 387 1023 fropm.
407 970 437 1021 p.
462 955 518 1022 16).
565 954 632 1008 Non
659 958 728 1007 recte
754 953 808 1008 bue
834 956 918 1021 refert
944 955 1142 1026 Deuerlinpius
1170 956 1247 1012 Plac.

99 1053 129 1104 p.
139 1040 213 1102 69,6
227 1051 313 1104 neque
326 1038 397 1088 certo
411 1034 463 1088 alii
476 1035 585 1088 Ausoni
598 1039 667 1090 cent.
675 1039 753 1102 nupt.
765 1035 803 1088 in.
816 1065 848 1074 -
858 1051 926 1089 uero
931 1053 986 1103 pro
995 1053 1050 1091 non
1060 1036 1247 1091 Hermanuus.

173 1119 235 1168 681.
256 1129 408 1182 numquam
426 1112 511 1166 hodie
530 1113 679 1183 quicquam
704 1113 815 1167 credam
837 1120 897 1182 (om.
916 1115 981 1184 tibi)
1001 1117 1130 1186 Pylades.
1172 1117 1247 1185 quic·

102 1210 187 1263 quam
204 1209 273 1249 uero
292 1193 405 1247 orabam
426 1192 550 1248 Guietus.
577 1209 728 1263 numquam
749 1192 860 1247 credam
879 1194 1028 1263 quicquam
1047 1213 1104 1251 non
1117 1198 1248 1252 debebant

102 1276 222 1344 recepere
240 1273 442 1342 Fleckeisenus,
461 1275 521 1329 alii.
542 1304 573 1313 -
593 1274 650 1328 nisi
668 1273 793 1328 Batlsins.
826 1291 881 1328 000
899 1275 1020 1330 Reisius.
1053 1276 1106 1330 nisi
1124 1277 1148 1331 si
1166 1280 1248 1332 06·αο

102 1354 262 1422 anleius,
290 1354 323 1408 de
345 1370 398 1423 quo
421 1354 553 1408 dubitans
577 1353 727 1408 Muellerus
750 1354 828 1407 Prvs.
855 1371 884 1422 p.
909 1359 963 1409 713
991 1355 1045 1410 nisi
1073 1360 1157 1427 capto
1181 1360 1247 1411 ants

102 1439 224 1502 temptat.
269 1432 427 1488 Orationem
454 1434 638 1502 interruptam
663 1433 867 1501 sipnificaverat
895 1435 1078 1492 Camerarius.
1125 1437 1247 1492 Ceteram

99 1513 343 1568 0683010160
366 1513 444 1568 sadis
466 1515 513 1582 (u
531 1513 649 1581 celtiber)
672 1510 836 1567 Saracenas.
885 1513 915 1566 V.
940 1519 991 1568 684
1019 1516 1087 1570 illuc
1109 1533 1163 1585 pro
1189 1516 1248 1570 illic

102 1593 228 1648 Guietus.

173 1678 235 1728 687.
254 1676 366 1744 practer
384 1674 477 1728 animo
496 1689 568 1740 quas
587 1671 671 1726 libuit
691 1672 815 1727 Guietus.
852 1673 906 1728 hac
924 1675 1014 1728 noctis
1033 1677 1144 1744 praeter
1162 1677 1249 1732 animi

99 1753 158 1808 mei
176 1753 377 1810 Fleckeisenus.
398 1784 432 1795 -
451 1753 608 1808 sententias
626 1753 753 1808 Botbius.

173 1840 234 1889 686.
255 1833 336 1889 00010
355 1836 481 1903 sperauit
498 1831 581 1887 salsis
599 1832 683 1901 prodi
696 1833 817 1888 Briaius
834 1834 851 1887 l.
866 1849 887 1888 s.
902 1849 923 1888 s.
944 1836 1049 1902 (potuit
1067 1837 1148 1890 etiam
1168 1837 1249 1891 001010

99 1915 228 1984 sperauit
245 1912 326 1968 nobis
344 1913 439 1983 prodi:
458 1919 487 1968 at
505 1919 602 1968 neutro
620 1916 708 1981 opus).

176 2000 237 2049 600.
262 1995 330 2064 agat
350 2000 414 2063 post
437 1995 597 2049 Acidalinm
620 1993 772 2048 vindicavit
798 1992 999 2048 Fubrmannus
1017 1997 1092 2048 Ann.
1109 1997 1176 2064 pbil.
1199 1996 1252 2050 CV

96 2092 129 2144 p.
149 2078 206 2129 829
222 2079 248 2129 et
266 2074 402 2130 Beckerm
420 2075 540 2129 Studem.
560 2072 677 2128 6001
690 2090 721 2141 p.
739 2077 808 2128 195.-
832 2075 880 2128 viu
898 2076 970 2128 enim
987 2076 1120 2143 copitabis
1137 2076 1170 2130 de
1189 2077 1251 2144 agit

100 2156 278 2210 coniunctivo
297 2155 375 2210 ‘edit’
396 2155 433 2210 al.
447 2155 540 2208 simili.
559 2182 593 2193 -
612 2151 776 2206 interuisam
791 2153 937 2222 Scioppius
955 2155 1110 2223 obloquente
1123 2155 1248 2210 Cratero.

99 2237 195 2289 Antea
212 2251 237 2288 v.
257 2239 307 2289 601
334 2235 548 2291 edormissamus
569 2233 743 2288 Camerarius
761 2233 980 2302 improbantibus
997 2234 1128 2290 Acidalio
1139 2253 1168 2305 p.
1183 2239 1249 2304 438,

99 2315 234 2385 Scioppio
251 2314 332 2384 Ssap.
352 2317 369 2370 l.
390 2316 442 2370 IV
458 2320 475 2370 5
490 2332 520 2383 p.
540 2319 604 2371 166.

174 2400 235 2449 601.
254 2394 348 2449 omina
364 2393 540 2451 Gulielmius:
558 2400 609 2449 aut
622 2395 671 2449 boc
684 2399 735 2449 aut
748 2393 843 2449 omnia
856 2394 1043 2450 Passeratius:
1061 2401 1141 2465 atque
1155 2395 1249 2450 omina

99 2477 187 2530 etiam
205 2473 349 2530 Reuterus
387 2475 429 2543 Cf.
446 2477 535 2544 praes.

175 2560 235 2608 600.
254 2554 298 2608 De
317 2555 465 2624 (dJeripere
489 2555 524 2620 cs.
543 2554 692 2608 Acidalins
710 2553 775 2607 Dic.
792 2571 821 2621 p.
841 2558 910 2622 436,
928 2557 960 2609 de
978 2554 1085 2625 postibi
1104 2554 1250 2624 Scioppius

100 2635 464 2705 Susp.lece.115p.45.

175 2722 226 2770 601
237 2733 275 2786 sp.
294 2716 360 2770 Non
379 2718 469 2783 inepte
487 2715 584 2784 copitcs
598 2714 631 2766 cle
645 2711 801 2768 Videbatur
814 2714 987 2782 interpolato,
1006 2714 1186 2783 adgrediens,
1206 2730 1249 2767 ro-

98 2813 170 2866 garo
193 2803 225 2850 nt
249 2797 384 2863 infinitivi
406 2795 530 2850 historici
552 2795 621 2848 sint.-
649 2811 669 2849 e.
693 2812 717 2863 9.
742 2793 850 2862 postibi
868 2793 1030 2849 Vicissatim
1054 2797 1089 2849 sd
1114 2813 1157 2849 me
1183 2813 1203 2847 s.
1224 2813 1248 2849 a.

100 2877 145 2945 Cs.
162 2879 253 2948 praes.
294 2877 333 2931 Ob
352 2874 471 2930 Videtur
489 2875 558 2928 male
577 2873 652 2927 duim
672 2892 695 2929 v.
717 2882 767 2929 602
787 2875 912 2930 Botltius.

176 2964 235 3012 604.
256 2973 288 3010 ac
306 2956 413 3010 Procne
433 2970 493 3009 essa
512 2953 642 3018 Botbius,
666 2957 713 3022 qui
733 2962 822 3009 tamen
841 2960 890 3010 aut
908 2955 1013 3010 Procne
1033 2972 1093 3010 essa
1112 2957 1248 3010 maluerit.

100 3055 165 3092 esse
193 3039 242 3092 del.
267 3036 462 3090 Hermannus:
492 3037 527 3102 cs.
551 3035 716 3088 Ritscbelius
748 3035 845 3104 Opusc.
866 3037 908 3089 ΙΙ
926 3054 955 3105 p.
976 3043 1097 3106 86700,
1124 3038 1173 3105 qui
1200 3042 1250 3090 aut

101 3119 193 3172 Natos
215 3134 276 3171 esse
300 3134 334 3170 ex
351 3115 509 3170 Philomela
533 3132 566 3169 ac
584 3114 702 3168 Procina
727 3122 775 3169 out
794 3115 884 3170 Notas
908 3134 941 3170 ex
961 3115 1117 3170 Philomela
1136 3133 1196 3170 essa
1215 3133 1249 3169 ac

101 3196 222 3253 Procius
244 3198 386 3252 scribebat.
424 3197 463 3251 At
486 3197 549 3263 ipsa
572 3197 662 3261 torma
682 3197 777 3262 prodit
800 3200 884 3264 atque
908 3199 958 3263 (vel
976 3200 1016 3263 at)
1037 3198 1146 3264 Progne
1171 3197 1250 3250 scioli

99 3295 157 3332 esse
186 3278 416 3343 additamentum,
442 3278 490 3344 qui
517 3293 550 3329 ea
578 3277 748 3329 noviciorum
773 3282 916 3344 poctarum
940 3277 1032 3346 (Verp.
1060 3277 1119 3342 00.)
1143 3277 1251 3328 ratione

107 3358 231 3412 Varroni
251 3358 373 3411 nondum
399 3363 466 3410 nota
489 3357 533 3424 (cf.
555 3357 572 3409 1.
592 3357 609 3408 1.
640 3354 665 3406 V
682 3360 731 3421 76,
750 3355 823 3409 Serv.
847 3358 884 3411 ad
913 3357 990 3425 Vcrp.
1011 3356 1071 3410 Ecl.
1099 3355 1144 3408 VI
1161 3359 1249 3423 7600.

100 3437 335 3507 (1000011716)
358 3437 484 3503 fabulam
502 3437 651 3490 motaverit:
677 3441 758 3503 atque
782 3435 869 3490 attica
892 3438 924 3491 ob
944 3454 968 3490 0.
988 3441 1043 3490 605
1068 3440 1175 3489 tantum
1193 3451 1250 3489 non

99 3519 284 3572 necessarium
303 3517 348 3584 (cf.
367 3533 390 3568 v.
411 3520 454 3571 35.
481 3520 536 3571 737
545 3517 619 3584 epp).
659 3517 739 3569 Nitril
757 3519 810 3585 epit
831 3518 1034 3589 Ostermaperus
1057 3518 1090 3571 de
1111 3517 1172 3570 bist.
1191 3515 1249 3582 [ab.

99 3600 134 3651 in
152 3615 217 3652 com.
237 3598 281 3651 Pl.
306 3598 345 3650 ccl.
367 3594 471 3664 Grppb.
492 3615 517 3650 a.
537 3600 609 3650 1884
626 3613 654 3663 p.
673 3600 717 3649 46.
756 3597 797 3663 Cf.
817 3596 945 3667 11090000
964 3599 981 3650 l.
1000 3614 1020 3650 s.
1039 3612 1061 3651 s.
1078 3614 1107 3664 p.
1130 3595 1218 3650 XIX.

176 3683 235 3732 606.
260 3680 321 3745 Ago
345 3693 379 3730 ea
401 3693 464 3730 cum
484 3677 607 3730 Guietus.
649 3676 710 3742 Ago
735 3692 798 3728 cum
822 3692 855 3730 aa
873 3677 1000 3731 Bolbius.
1026 3707 1060 3715 -
1085 3676 1250 3744 poplaribus

101 3758 255 3812 Muellerus
275 3756 415 3811 ‘Nacblrz'
432 3773 462 3824 p.
482 3761 527 3810 66.
568 3758 610 3821 Cf.
629 3773 652 3811 0,
674 3758 769 3808 7100
788 3755 939 3810 Lorenrius
957 3758 994 3810 ad
1014 3757 1098 3809 Most.
1117 3773 1139 3808 0.
1160 3758 1222 3807 312.

175 3844 236 3894 606.
256 3836 359 3890 illhaec
379 3836 472 3890 animo
492 3836 547 3888 iam
570 3837 696 3905 Pylades.
735 3833 785 3886 ills
804 3835 896 3890 animo
915 3836 972 3890 ism
991 3852 1064 3889 nunc
1084 3836 1191 3889 Parcus
1209 3834 1249 3888 ed.

103 3919 166 3971 ΙΙΙ
180 3935 209 3987 p.
229 3919 279 3972 ult.
308 3916 358 3970 illa
381 3917 436 3970 iam
457 3917 550 3970 animo
573 3915 703 3981 Guietus,
727 3914 851 3970 Bolbins.
880 3916 1010 3971 Acidalio
1028 3918 1135 3981 frustra
1154 3916 1248 3968 adom-

101 4005 182 4053 satur
199 3998 413 4066 Kampmannus
431 3998 534 4050 Annot.
550 4013 580 4063 p.
601 4000 644 4049 36.

174 4083 235 4132 608.
247 4094 299 4132 me.
314 4077 355 4130 ibi
364 4081 423 4130 tum
435 4077 555 4130 Reieius.
584 4093 636 4128 me.
656 4074 757 4142 ibides.
769 4076 958 4130 Flccteiscnus
969 4093 1007 4144 cp.
1019 4093 1055 4130 cr.
1063 4075 1154 4143 p.XX
1161 4074 1251 4141 VIII,

104 4162 178 4213 Ann.
203 4159 274 4226 pbil.
299 4156 381 4210 LXI
396 4174 426 4225 p.
446 4159 495 4210 51:
522 4163 552 4211 at
577 4158 611 4222 cs.
636 4156 801 4210 Rilscbelins
828 4158 865 4209 N.
890 4157 961 4211 Erec.
988 4157 1033 4209 Pl.
1053 4155 1073 4207 I
1095 4173 1123 4223 p.
1143 4159 1186 4208 40.
1218 4183 1249 4192 -

102 4237 197 4293 nescio
218 4254 271 4306 ogo
291 4237 474 4292 Camerarius.
494 4266 527 4275 —
548 4252 669 4303 quonam
689 4235 772 4289 modo
791 4237 917 4306 Pylades.

174 4324 227 4373 616
237 4334 274 4387 sq.
295 4317 446 4386 quidnam
468 4316 597 4385 Pylades.
625 4317 692 4383 quid
712 4317 765 4370 hoc
780 4317 984 4371 1110010οί0000.-
1004 4323 1033 4371 at
1051 4317 1084 4382 cf.
1101 4316 1251 4370 Muellerus

104 4398 203 4452 Pltilol.
221 4397 275 4449 IX
288 4414 319 4466 p.
335 4401 398 4461 740,
418 4396 495 4450 Pros.
511 4413 541 4463 p.
562 4399 625 4462 394,
646 4397 783 4450 ‘Nacbtm'
801 4414 831 4464 p.
852 4402 894 4449 51.
928 4397 972 4450 De
991 4396 1079 4463 (1000)
1098 4395 1182 4462 intus,
1201 4397 1250 4450 ob-

103 4494 182 4532 secro
212 4478 338 4531 adderido
356 4478 522 4545 copitaverat
542 4477 729 4531 Camerarius:
753 4475 839 4530 uicini
859 4494 873 4529 e
892 4493 955 4531 meo
975 4477 1175 4531 concinniorem
1192 4478 1251 4543 sare

104 4560 243 4614 lectionem
258 4557 379 4625 putabat
397 4556 559 4610 Lambinus.
590 4556 632 4621 Cf.
652 4557 818 4610 Ritscbclias
834 4556 931 4625 Opusc.
947 4558 989 4611 11
1002 4575 1032 4626 p.
1048 4561 1106 4612 122
1124 4564 1149 4611 et
1159 4559 1250 4625 praes.

104 4637 196 4706 phano
217 4636 348 4691 clamoris
368 4636 456 4690 oritur
475 4637 567 4690 ceteris
586 4637 636 4689 clcl.
652 4637 786 4707 Pylades:
804 4638 929 4692 similiter·
943 4655 995 4706 per
1019 4635 1107 4691 oritur
1121 4637 1251 4690 clamoris

103 4725 189 4773 odon.
220 4718 303 4772 troclr.
333 4719 418 4785 effecit
442 4717 562 4770 Ileieius.
604 4718 648 4772 De
676 4719 827 4772 indicativo
855 4719 888 4784 cf.
913 4719 1049 4772 Beelcrus
1076 4719 1108 4771 in
1131 4717 1253 4770 iS'tudom.

103 4798 182 4854 Stud.
203 4798 225 4850 I
237 4815 268 4867 p.
287 4801 345 4852 226
363 4799 427 4852 adn.
455 4797 485 4851 V.
506 4803 557 4852 616
577 4798 661 4852 Porro
680 4798 888 4854 Ritterslrnsius.

176 4883 238 4932 610.
257 4878 451 4932 innocontiam
467 4876 643 4934 Camerarius
661 4880 741 4945 (corr.
756 4879 878 4948 Reieius,
895 4880 1062 4947 Bentleius):
1080 4892 1132 4946 quo
1145 4880 1251 4931 servato
