2932 5452
837 102 900 111 ,u—

143 180 166 189 .=

165 713 377 784 laam-aa
632 716 855 771 aalnvnnvs
1251 684 1312 787 l2o

638 890 827 961 {Sacamum

767 985 854 1066 Quid
877 1007 955 1072 ergo
978 985 1033 1051 ille
1054 988 1297 1071 ignauissumus

163 1072 211 1136 Ml
234 1073 410 1139 latitabat?

658 1190 818 1244 &sannas
917 1228 927 1250 .

411 1287 447 1352 Si
470 1285 686 1373 idpellasses,
711 1285 933 1372 respondisset
954 1287 1087 1350 ndmini.

164 1398 231 1465 Sed
253 1401 325 1486 ipse
347 1398 458 1465 ubist?

651 1507 825 1562 Sroornanrs

368 1604 427 1669 Pol
444 1602 536 1668 illam
551 1601 668 1689 reliqui
685 1602 727 1666 ad
743 1601 948 1667 Rhadamam
964 1605 997 1668 in
1012 1604 1172 1690 Cecropia
1193 1603 1308 1670 insula.

660 1730 818 1784 Cassianae

166 1829 183 1865 2
362 1827 380 1865 ’lt
556 1827 574 1865 ’Β
708 1836 709 1839 ’
751 1826 768 1863 *
945 1827 963 1864 ’k
1140 1828 1158 1866 ak

163 1912 247 1992 Quis
281 1910 410 1976 homost
440 1934 492 1976 me
524 1911 744 1997 insipientior,
778 1910 834 1997 qui
868 1911 955 1996 ipse,
987 1914 1116 1997 egomet
1149 1914 1205 1978 ubi
1239 1916 1310 1995 sim,

924 2024 1130 2108 quaeritem‘l
1277 2039 1312 2087 84

164 2135 228 2200 de
257 2133 305 2198 nil
334 2134 542 2200 disconducit
568 2133 644 2200 huie
671 2136 729 2199 rei.
767 2134 846 2222 qnid
873 2136 945 2199 ais?
974 2135 1052 2222 quid
1079 2135 1141 2201 hoo
1168 2136 1255 2235 quod
1278 2138 1311 2201 te

924 2268 1019 2332 rogo:
1247 2248 1311 2312 930

247 2419 298 2474 ille
316 2436 384 2490 ergo
400 2418 526 2473 Bestius:
543 2420 578 2473 ele
594 2434 648 2488 qno
665 2419 730 2473 olim
743 2424 893 2487 praecepte
909 2420 1018 2489 Prolep.
1036 2435 1063 2487 p.
1082 2431 1185 2471 exart!
1204 2421 1256 2475 din
1274 2427 1312 2476 est

163 2523 194 2561 ea
224 2521 281 2574 qno
311 2506 490 2560 retractanda
520 2521 575 2558 esse
604 2505 731 2559 intellexi
833 2506 1036 2575 ignauissumus
1059 2506 1094 2558 B.
1120 2506 1315 2575 ignauissimos

161 2592 245 2646 ceteri
315 2597 373 2645 92⁹1.
390 2590 461 2643 Mihi
478 2591 612 2644 latitabat
629 2590 702 2656 stari,
721 2590 793 2657 qnod
809 2591 959 2644 substitute
977 2608 1038 2644 enne
1049 2590 1145 2644 Reizio
1163 2591 1202 2644 mi
1219 2592 1310 2657 formo

158 2692 239 2730 anne
255 2691 314 2729 ηοπ
331 2676 455 2729 sollicito.
473 2675 617 2730 Latitabat
633 2675 702 2728 mihi
715 2676 895 2729 Hermannns
962 2677 985 2728 si
1003 2675 1182 2744 adpellasses,
1196 2694 1308 2746 respon-

156 2761 250 2816 disset
276 2762 383 2815 nomini
409 2761 446 2814 Ii.
470 2764 490 2814 si
516 2761 693 2830 appellasses,
716 2761 912 2829 respondisset,
936 2760 1047 2813 nomine
1070 2762 1110 2815 aie
1131 2763 1309 2828 interpuncta

155 2849 304 2916 Gnyetna:
325 2848 386 2901 aine
408 2848 631 2914 interpunctione
649 2847 721 2917 lieri.
740 2846 943 2914 respondisset,
966 2845 990 2898 si
1007 2846 1178 2915 appellasses
1195 2849 1308 2900 nomine

152 2932 344 2986 Hennenses
429 2939 486 2987 928.
509 2933 567 3000 ipse
591 2932 640 2985 ubi
659 2934 700 2985 est
717 2932 783 2985 libri
799 2948 890 2985 omnes
908 2930 968 2998 (ubi
986 2931 1046 3000 ipse
1065 2933 1108 2984 est
1123 2933 1229 2998 nullas)

151 3017 277 3085 reliqui]
295 3016 367 3085 liqui
386 3017 577 3083 Hermonassa,
593 3034 706 3071 servans
717 3017 942 3070 Rhadamantem
1012 3018 1048 3070 ad
1066 3017 1240 3070 Rhadamam
1252 3018 1307 3070 Bo-

149 3105 249 3157 thina·
273 3119 357 3170 qnam
377 3104 495 3170 smmum
516 3105 626 3171 firmavi
644 3104 751 3171 Prolep.
765 3119 796 3169 p.
817 3112 953 3154 ta'a'xt'll:
970 3104 1006 3170 cs.
1026 3104 1124 3170 Opnse.
1138 3103 1209 3170 phil.
1227 3104 1267 3156 ΙΙ
1277 3119 1308 3170 p.

147 3193 219 3243 491.
240 3188 460 3242 adihadamante
479 3190 515 3242 B.
533 3190 568 3242 ad
588 3189 801 3242 rhadamanlem
822 3189 918 3242 CDZ.
939 3188 975 3242 ad
993 3189 1186 3243 radamantem
1204 3189 1235 3243 F

144 3272 322 3342 ineecropia
344 3274 433 3328 insula
455 3275 534 3341 libri,
557 3275 614 3328 nisi
637 3275 709 3342 qnod
732 3275 860 3343 cecropio
879 3274 921 3340 Β,
943 3275 1056 3343 ceropia
1073 3274 1108 3327 F.
1126 3274 1155 3327 in
1174 3274 1310 3344 Cercopia

142 3358 253 3415 insula
279 3360 422 3413 Menrsine
446 3375 474 3426 p.
492 3363 552 3413 241.
578 3361 607 3411 in
635 3359 771 3428 Cercopia
798 3361 924 3430 anetns
949 3367 1057 3414 servata
1083 3360 1308 3414 Rhadamantem

141 3447 265 3507 forma:
288 3445 405 3510 sortasse
426 3460 500 3509 vere,
522 3445 634 3513 qnando
657 3446 689 3498 in
712 3445 741 3498 B
763 3448 903 3515 cecropio·
922 3447 1022 3501 insula·
1042 3448 1102 3517 (sic)
1120 3448 1253 3513 seriptum
1271 3450 1309 3498 est

139 3531 385 3597 interpunctione
401 3531 514 3584 minime
531 3532 637 3584 usitata
706 3530 825 3584 Laennu
838 3533 906 3600 quid
923 3533 981 3598 sere
996 3534 1149 3586 sententiae
1161 3532 1309 3599 posthume
1417 3594 1419 3598 ⁷

139 3630 175 3670 υ.
195 3617 333 3670 kanaam
351 3632 405 3669 ease
422 3617 561 3683 videatne,
577 3617 652 3670 uelut
669 3618 717 3670 hoc
735 3618 855 3684 warsipio
872 3619 1031 3685 sip-nifieavi
1048 3619 1155 3687 Prolep.
1170 3634 1200 3686 p.
1218 3628 1309 3668 arna·

263 3699 366 3753 Hercle
384 3718 538 3755 memorem
556 3705 736 3770 nugatorem:
755 3702 839 3755 modo
858 3703 907 3770 qui
923 3702 966 3755 sui
984 3703 1013 3754 in
1032 3702 1172 3769 Seleucia,

263 3784 368 3839 Vtilia
386 3789 574 3853 memorabat,
593 3789 623 3840 ni
641 3789 744 3840 mirum
762 3805 835 3840 nnnc
853 3805 915 3839 sum
932 3787 961 3839 in
980 3787 1115 3856 Cecropia
1132 3789 1229 3843 insula.

148 3871 235 3927 Vide
252 3888 330 3925 nnnc
343 3873 548 3939 praefationem
617 3880 675 3928 929.
694 3873 744 3927 cn
761 3874 797 3941 (a.
810 3891 831 3926 e.
850 3875 884 3939 Θ)
902 3878 969 3926 ante
986 3872 1054 3937 Quis
1069 3889 1118 3926 ern.
1131 3873 1168 3938 B,
1185 3875 1307 3940 spatium

139 3956 260 4013 habent
281 3956 339 4010 OD
424 3958 492 4023 Quis
513 3959 597 4013 homo
621 3962 664 4013 est
685 3976 730 4012 me
750 3958 882 4028 anetns.
902 3957 955 4022 Qui
977 3957 1060 4010 homo
1084 3961 1125 4011 est
1142 3974 1186 4010 me
1205 3957 1233 4009 Β
1241 3957 1307 4009 OD.

139 4045 210 4111 Qui
230 4043 317 4095 homo
336 4046 383 4096 est.
402 4061 437 4097 ne
456 4046 488 4098 Z.
507 4044 550 4097 Ne
568 4045 684 4112 reliquis
700 4046 807 4099 omissis
824 4044 855 4096 F
927 4043 1102 4111 insipientier
1120 4043 1158 4096 D.
1176 4042 1307 4111 insipien·

139 4129 199 4184 tar
220 4130 252 4183 Ii
319 4130 376 4197 qni,
395 4130 454 4197 ipse
474 4132 588 4199 egomet
604 4131 863 4200 interpnnpebntnr:
884 4146 978 4182 oeream
995 4129 1067 4182 vidit
1086 4129 1169 4181 etiem
1185 4127 1308 4182 Meierns

139 4227 178 4277 1).
199 4218 258 4269 324
340 4215 478 4282 queritem
497 4216 524 4267 Β
604 4215 635 4268 Β
650 4216 857 4285 ‘dittopraphia'
875 4232 1002 4269 aerenum
1018 4218 1078 4268 936.
1095 4217 1147 4268 9³7
1163 4215 1237 4268 asne
1254 4230 1307 4268 esse

139 4307 257 4354 viatim
268 4300 447 4369 Ludna-ipius
459 4301 599 4370 Philolopi
610 4301 708 4354 XVII
717 4318 746 4368 p.
759 4305 812 4355 255
829 4302 882 4355 sihi
895 4303 1049 4368 persuasit:
1067 4300 1155 4369 quode
1172 4300 1211 4353 ad
1227 4301 1307 4354 illum

139 4383 247 4442 laenam
266 4387 350 4439 aliter
366 4388 516 4441 atntnimna
593 4394 651 4441 930.
670 4388 863 4454 Θρταιηηὶίιίί
880 4386 908 4439 Β
977 4386 1046 4439 nihil
1065 4387 1130 4440 libri
1198 4385 1308 4439 dinone

139 4468 190 4526 Β.
211 4470 391 4526 diseunduait
409 4473 434 4525 Z
530 4471 673 4540 quiduis?
699 4470 745 4524 SY.
762 4472 850 4539 quid?
870 4471 920 4525 CH.
937 4473 989 4525 hoe
1008 4471 1084 4540 quod
1102 4473 1130 4525 te
1149 4488 1217 4540 rogo
1235 4470 1307 4525 FZ:

140 4571 230 4623 (μαι
251 4557 306 4609 nni
326 4557 472 4612 Charmidi
494 4560 661 4612 coistinnunt
683 4556 784 4609 BOD.
807 4557 883 4625 quod
907 4558 1012 4611 delebat
1032 4557 1307 4611 Grnierns.1near·

139 4647 267 4709 replum
290 4641 342 4694 hoe
365 4643 493 4711 iniqu-ins
515 4661 556 4697 nee
577 4642 805 4696 oieienedoeitisse
827 4644 936 4712 I’eolep.
955 4659 985 4710 p.
1004 4652 1114 4692 exarat
1136 4645 1192 4697 inin
1213 4640 1307 4710 screnis

141 4741 217 4781 aava
236 4728 311 4780 Mna.
330 4728 417 4781 Rhea.
436 4729 484 4781 XI
492 4729 512 4780 l'
529 4731 565 4797 (n.
585 4731 662 4797 1859)
676 4745 706 4795 p.
724 4731 778 4781 433
