2932 5452
543 720 749 775 PRAEFATIO
920 694 930 711 .
1155 742 1219 788 3111

77 885 141 949 596
165 885 216 948 vel
245 883 285 948 ad
313 884 513 949 inferendum
539 885 785 968 suppositicium
809 905 928 948 nomen
952 884 1028 948 olim
1053 906 1135 968 opus
1157 883 1221 947 fuit

72 992 121 1055 vel
144 990 242 1055 uobis
266 1012 346 1075 opus
370 994 421 1055 est
444 989 485 1054 ad
508 1012 620 1056 verum
644 992 689 1056 sie
712 990 944 1056 revocandum:

162 1096 220 1162 Set
256 1119 365 1162 eccum
401 1097 534 1161 fratrem
572 1097 779 1181 Pamphilum
817 1100 951 1179 [meum]
990 1097 1111 1161 incedit
1146 1119 1219 1163 cum

757 1206 762 1214 '
802 1227 912 1270 socero
936 1226 1003 1270 suo.

160 1308 244 1386 Quid
268 1312 329 1395 ais,
352 1311 544 1394 Pamphile?
582 1310 639 1375 Pa.
665 1311 714 1375 Ad
738 1333 850 1376 cenam
876 1311 998 1394 [hodie]
1022 1310 1128 1375 hercle
1152 1312 1217 1376 alio

801 1418 937 1502 promisi
960 1418 1058 1483 foras.
1164 1488 1169 1495 ,

72 1523 198 1610 Quippe
225 1527 260 1589 in
288 1526 419 1590 exilium
448 1526 635 1589 vocularum
664 1525 715 1588 vel
743 1525 915 1590 omissione
943 1526 994 1589 vel
1025 1525 1218 1607 accessione,

71 1632 161 1696 cuius
185 1633 313 1717 generis
332 1634 459 1698 infinila
483 1637 532 1697 cst
554 1633 587 1697 in
608 1632 765 1695 Plautinis
785 1632 877 1695 libris
897 1631 1088 1714 frequentia,
1111 1632 1217 1697 omnis

71 1739 210 1804 vertitur
233 1739 381 1804 mutatio.

160 1844 294 1910 Praeter
322 1847 401 1911 haec
430 1868 512 1931 quae
539 1847 676 1911 tractavi
706 1846 941 1910 dubitationem
969 1845 1064 1909 facile
1088 1849 1218 1910 moreat

70 1951 287 2037 Sagarinus
311 1974 429 2017 nomen
452 1954 629 2018 insolenter
652 1956 799 2038 correpta
822 1953 1024 2035 paenultima
1043 1953 1217 2036 singulare.

68 2057 164 2134 Quod
188 2060 241 2124 cui
263 2081 357 2125 servo
380 2059 519 2125 indItum
543 2064 606 2142 est,
636 2061 662 2123 is
692 2081 764 2125 cum
787 2082 817 2123 v.
839 2060 905 2123 433
930 2060 1055 2124 duobus
1079 2060 1217 2123 nomini·

11 2166 19 2177 '
68 2165 129 2228 bus
152 2186 287 2249 prorsus
311 2166 449 2230 absurde
478 2167 635 2250 copulatis
664 2167 840 2250 Sopnrinus
862 2166 962 2249 Syrus
985 2166 1124 2248 dicatur,
1150 2188 1218 2231 non

66 2271 216 2355 profecto
247 2273 358 2356 inepte
388 2273 550 2357 quispiam
579 2274 612 2337 in
640 2273 706 2337 vcri
736 2271 853 2356 Syrus
881 2274 1021 2338 nominis
1044 2273 1150 2337 locum
1175 2274 1216 2337 ab

66 2378 303 2464 interpolatore
341 2379 469 2444 demum
508 2377 740 2465 Sagarinum
778 2402 847 2445 esse
889 2381 1114 2463 substitutum,
1152 2402 1216 2444 uno

65 2489 179 2548 autem
210 2484 274 2550 hoc
307 2486 378 2550 loco
410 2486 579 2551 Plautinae
611 2509 724 2552 manus
758 2488 929 2572 vestigium
961 2509 1037 2552 casu
1068 2486 1215 2550 relictum

66 2591 274 2674 opinaretur,
297 2593 360 2657 nisi
383 2594 483 2657 talem
503 2572 821 2677 argumentationem
842 2595 921 2658 illud
942 2597 1099 2659 everteret
1123 2591 1217 2677 quod,

66 2697 133 2761 nisi
157 2699 267 2763 omnia
291 2700 423 2782 fallunt,
447 2701 504 2764 illo
528 2701 599 2782 ipso
624 2724 717 2765 versu
740 2722 848 2784 syrum
867 2701 916 2764 vel
939 2702 1039 2764 siricio
1062 2699 1143 2763 nihil
1167 2704 1217 2763 est

67 2804 134 2867 nisi
159 2810 346 2888 corruptum
366 2807 468 2886 foram
492 2807 633 2873 verbum.

160 2912 258 2976 Aliud
283 2917 333 2977 est
362 2935 476 2998 genus,
505 2914 539 2975 in
569 2935 631 2996 quo
660 2913 896 2977 conclamatior
924 2912 1027 2975 Stichi
1051 2913 1094 2976 sit
1117 2934 1214 2995 quam

71 3017 206 3082 aliarum
241 3019 422 3084 fabularum
456 3019 609 3084 condicio
661 3019 846 3101 Nam,cum
874 3019 1070 3082 nominum
1099 3024 1215 3083 notae

74 3124 157 3207 illae,
196 3126 311 3209 quibus
343 3127 463 3211 siuguli
495 3126 578 3190 Inter
612 3149 645 3190 se
679 3149 841 3191 sermones
872 3125 1085 3189 diScriminati
1115 3126 1214 3190 collo-

79 3231 238 3311 quentium
269 3237 413 3297 actorum
447 3234 628 3317 personis
661 3235 911 3315 distribuuntur,
936 3232 1050 3296 nullae
1079 3255 1241 3316 usquam·

81 3335 109 3397 in
136 3335 163 3400 Α
192 3340 269 3420 sint,
303 3340 334 3401 in
365 3343 415 3403 sat
444 3341 555 3403 multis
584 3342 688 3404 sconis
719 3341 876 3404 Plautinis
905 3360 1113 3403 scenarumve
1142 3362 1213 3422 par·

85 3441 157 3507 tibus
180 3446 287 3509 nullae
312 3447 344 3509 in
369 3444 441 3528 cl),
470 3448 501 3510 in
532 3445 643 3511 Sticho
668 3449 795 3531 quidem
821 3446 984 3531 singulare
1008 3447 1069 3509 hoc
1093 3442 1219 3511 accedit

11 3532 13 3541 ¹
87 3551 156 3628 quod
182 3553 328 3637 casdem,
361 3553 456 3636 idque
487 3557 673 3617 constanter
704 3576 761 3637 per
792 3557 894 3617 totam
924 3553 1082 3635 fabulam,
1112 3575 1152 3616 ne
1183 3550 1213 3614 B

68 3656 196 3733 .quidem
227 3659 378 3724 servavit.
430 3659 558 3743 Itaque,
592 3662 797 3744 quantumvis
830 3660 909 3723 levis
943 3660 976 3722 in
1006 3658 1068 3722 hoc
1097 3679 1213 3743 genere

87 3763 219 3830 universo
252 3767 302 3831 vel
335 3766 429 3849 plane
462 3765 618 3850 plenoque
651 3769 839 3831 testantium
874 3767 1029 3829 librorum
1063 3765 1141 3828 fides
1172 3766 1215 3827 sIt

82 3858 174 3939 (euius
197 3874 244 3935 rei
269 3894 416 3937 caussam
445 3872 685 3957 Prolegomenis
714 3874 802 3938 Tria.
831 3897 859 3956 p.
885 3871 1067 3935 XXXVIII.
1092 3870 1212 3953 signifi-

77 3974 170 4060 eitui),
191 3983 299 4043 tamen
324 4001 387 4063 quo
412 4001 475 4042 non
500 3982 677 4063 spernendo
708 3979 924 4044 rati0cinandi
947 3976 1109 4060 pracsidio
1134 3974 1212 4039 alibi

72 4077 122 4140 uti
147 4085 246 4169 licuit,
275 4088 311 4150 ut
335 4086 545 4150 inextremis
568 4086 747 4149 Triuunnni
773 4087 891 4167 scenis,
921 4085 998 4147 Item
1022 4084 1054 4145 in
1080 4082 1213 4145 Bacchi·

67 4172 148 4252 dum
170 4192 286 4275 prima,
311 4215 348 4257 eo
372 4194 406 4256 in
431 4192 554 4256 duabus
578 4193 784 4275 potissimum
810 4190 912 4255 Stichi
935 4189 1081 4273 partibus
1105 4189 1212 4251 dolen-

63 4277 148 4359 durn
169 4298 231 4361 fuit
253 4321 313 4363 nos
338 4323 469 4383 prorsus
495 4299 640 4363 destitui:
666 4321 747 4380 <puae
771 4299 906 4361 suntab
930 4296 1024 4359 inItio
1044 4299 1076 4358 et
1096 4296 1128 4357 in
1148 4295 1210 4358 line

60 4381 206 4469 fal›ulae
252 4405 290 4469 ln
319 4407 370 4471 his
398 4407 498 4491 igitur
525 4406 580 4468 ubi
608 4427 649 4468 ne
678 4402 736 4471 (tl)
765 4405 892 4487 quidem
920 4403 1090 4487 quicquam
1115 4405 1212 4465 testa-

56 4506 193 4608 rentur:
222 4516 376 4596 quoniam
399 4512 454 4576 ΕΖ
480 4512 530 4596 (ut
553 4513 572 4577 I.
597 4534 620 4575 s.
645 4534 667 4575 s.
692 4534 721 4593 p.
748 4510 838 4593 hsq.
862 4507 1124 4596 commemoravi)
1147 4530 1212 4572 non

55 4600 139 4680 alio
164 4620 252 4683 fonte
280 4620 343 4683 nisi
371 4619 442 4704 ipso
473 4618 502 4682 ll
531 4618 582 4681 usi
611 4621 699 4681 sunt:
732 4640 797 4681 non
826 4617 916 4700 potui
941 4617 1017 4700 quin
1041 4639 1171 4699 prorsus
1196 4639 1213 4675 c

54 4716 144 4787 “leo
174 4727 291 4791 iudicio
325 4728 498 4812 penderem
529 4747 588 4792 nec
619 4747 759 4808 unquam
792 4725 988 4788 tralaticium
1028 4745 1211 4788 sermonum

51 4824 279 4898 partitionem
309 4855 425 4898 curans
455 4834 485 4897 id
515 4854 664 4915 sequerer
691 4832 795 4895 solum
820 4830 905 4916 quod
930 4832 975 4895 rei
998 4830 1212 4914 probabilitas
