2932 5452
63 747 277 815 suen-es
524 747 747 803 snruvnnvs
1149 752 1208 816 121

552 918 726 975 Srooessnrs

418 1015 621 1106 Sesquipede
642 1017 808 1106 quidemst
828 1041 926 1106 quem
948 1028 985 1084 tu
1006 1017 1145 1104 ldngior.

558 1146 715 1202 Omnium

64 1242 190 1307 Haeret
210 1242 291 1307 haee
318 1265 386 1326 ree,
416 1241 575 1329 siquidem
607 1205 667 1328 ego
695 1264 814 1331 apsens
837 1244 911 1307 ssim
933 1265 1032 1330 quem
1053 1267 1208 1331 praesens

823 1352 961 1441 longior.
1174 1370 1207 1419 59

61 1437 227 1504 Nduistin’
248 1437 435 1504 hominem?

546 1544 720 1604 'Sucornsnrs

431 1643 583 1710 Ridicule
605 1645 737 1730 rogitas,
754 1668 894 1732 quocum
917 1647 981 1711 und
1003 1648 1113 1714 eibum
1145 1649 1208 1714 905

61 1757 190 1845 (lepore
211 1757 309 1822 soleo.

557 1867 714 1923 (insomnes

314 1963 404 2044 Quid
426 1962 490 2029 eist
512 1965 653 2029 nomen?

551 2091 724 2146 Sroorussrs

649 2185 748 2268 Qudd
769 2188 885 2274 edepol
905 2189 1028 2256 homini
1049 2190 1163 2278 probo.

555 2314 711 2371 Cnsnmoes

58 2408 169 2478 Lubet
191 2412 328 2478 uudire.⁸

545 2522 717 2578 Sucornsnrs

309 2617 363 2684 Illi
385 2617 502 2705 ddepol
527 2658 563 2668 -
587 2617 635 2682 illi
658 2658 700 2666 -
721 2619 769 2683 illi
791 2658 831 2667 -
853 2643 915 2684 suae
937 2623 1056 2686 misere
1078 2622 1168 2686 mihi.

555 2748 713 2802 (insulanus

60 2833 148 2915 Quid
171 2845 221 2900 ost
242 2835 373 2919 negoti?

547 2943 721 2998 Sucorssurs

377 3040 547 3106 Dduoraui
568 3041 685 3105 ndmen
708 3041 886 3129 inprudens
908 3042 1017 3108 modo.

553 3169 711 3224 Cususnmrs

59 3263 132 3329 Non
155 3256 272 3351 placet,
294 3266 351 3352 qui
373 3268 495 3331 amieos
517 3266 605 3329 intra
627 3265 741 3331 dentes
763 3266 933 3332 conclusds
956 3267 1067 3333 habet.
1170 3279 1204 3327 os

145 3493 314 3561 sexquipede
327 3491 358 3545 F
440 3491 556 3559 quidum
575 3494 618 3545 est
629 3492 756 3547 Bothiuo.
774 3492 935 3561 quiddamst
951 3495 992 3548 nel
1010 3493 1079 3561 quid
1097 3492 1162 3547 dem
1182 3494 1205 3545 sl

57 3578 126 3631 BG.
147 3577 328 3648 quiddumpsl
350 3577 388 3631 D.
411 3576 526 3646 quidem
549 3580 589 3630 ost
610 3577 677 3631 ΒΖ.
695 3579 810 3646 quidum
833 3580 856 3632 is
873 3581 917 3633 est
934 3580 1115 3634 Hermonrsus

59 3679 145 3731 quem
163 3665 194 3717 tu
213 3664 245 3716 Z.
263 3665 371 3732 quanto
389 3664 423 3717 B.
442 3663 580 3731 quonium
600 3662 666 3716 01).
684 3663 860 3731 aliquantum
879 3665 910 3718 F
1000 3663 1162 3718 dossHmw
1179 3680 1202 3717 o.

57 3748 133 3802 solue
150 3747 178 3801 Β
195 3749 323 3814 servavit,
341 3749 417 3802 uode
434 3765 494 3802 eum
507 3751 681 3813 protractum
698 3764 716 3800 a
734 3747 863 3815 Scioppio
885 3749 1008 3803 Verisim.
1027 3750 1095 3814 III,
1112 3750 1203 3816 31)νὶ-

58 3848 120 3886 mue
140 3833 241 3900 reeepis
265 3832 464 3887 Tauomarmos
555 3832 606 3886 CH.
626 3848 676 3885 om.
695 3832 723 3885 B
813 3833 902 3886 Heres
922 3834 974 3887 hee
997 3835 1025 3886 Β
1118 3850 1202 3900 quam

58 3917 263 3971 Rissershusiue
279 3918 357 3984 apud
374 3916 540 3986 Sesopffium.
560 3918 627 3986 quie
644 3917 672 3969 Β
752 3922 864 3986 presens
879 3918 906 3970 B
983 3925 1041 3972 905.
1060 3917 1107 3970 Cn.
1121 3934 1204 3983 proe-

59 4003 145 4058 mittit
162 4001 193 4054 F
270 4002 379 4056 Nouisti
395 4004 425 4056 in
442 4003 478 4057 Β.
496 4004 615 4057 nouislin
634 4004 701 4070 (nors
719 4003 867 4070 nouistine)
886 4004 967 4057 ceter-i
1039 4003 1119 4068 Hem,
1138 4000 1202 4053 ridi·

57 4088 121 4141 eule
139 4087 334 4142 Hermonnos:
355 4089 403 4143 sed
420 4106 444 4142 v.
462 4089 570 4157 Prolep.
584 4105 615 4156 p.
633 4098 737 4139 eexerr
820 4094 877 4143 906.
894 4088 955 4157 Cn]
975 4087 995 4141 Χ
1013 4087 1041 4139 Β
1127 4085 1203 4154 qnod

58 4173 127 4237 FZ,
145 4172 265 4227 Boslriuo
334 4175 360 4228 ei
379 4176 421 4228 est
438 4191 541 4228 nomen
559 4174 685 4229 Boslsiuo.
705 4175 730 4228 ei
749 4174 814 4228 noui
831 4191 846 4228 o
864 4174 925 4241 (sic)
943 4173 978 4227 Β.
998 4174 1039 4226 est
1055 4171 1082 4226 ei
1099 4188 1202 4225 nomen

57 4259 154 4312 ceteri:
176 4260 326 4325 asperitate
347 4261 501 4328 sirsprssuri,
519 4277 601 4328 quarn
619 4276 675 4314 non
693 4261 775 4314 (sebui
792 4260 865 4313 tueri
882 4259 990 4329 Prolep.
1009 4274 1039 4324 p.
1059 4267 1122 4307 CXI!

57 4342 115 4413 Se]
130 4345 155 4407 Χ
173 4343 201 4397 Β
219 4345 318 4398 iterum
387 4346 462 4413 quod
481 4345 552 4398 dede
571 4345 618 4414 pol
632 4346 666 4400 B.
684 4345 759 4414 quod
778 4345 813 4399 de
832 4344 934 4412 edepol
953 4342 1011 4397 OD
1080 4348 1138 4396 907.
1157 4341 1203 4394 Illi

57 4427 160 4497 edepol
175 4427 360 4483 Camerarius.
379 4430 427 4483 ille
447 4430 548 4498 edepol
566 4431 632 4485 libri
700 4432 741 4484 illi
760 4430 801 4483 illi
814 4429 873 4482 ΒΟ
879 4429 921 4482 D:
940 4429 1082 4496 defensum
1094 4427 1202 4497 Prolep.

52 4530 84 4581 p.
97 4522 241 4563 esurum
250 4514 319 4568 eoos.
333 4530 362 4581 p.
376 4525 471 4565 erens.
486 4516 532 4569 ille
546 4517 611 4569 FZ.
625 4517 666 4569 illi
685 4517 726 4569 illi
744 4516 858 4569 illicem
870 4514 1001 4569 Acidalio
1013 4513 1202 4579 Hemonnes,

56 4600 152 4653 merito
165 4598 283 4665 sonasse
295 4601 443 4667 probatum
461 4601 567 4655 Noelrio
586 4601 619 4655 de
636 4602 718 4655 ellits.
733 4618 763 4668 p.
776 4605 837 4655 382.
857 4599 923 4668 [illio
942 4600 983 4653 illi
1001 4600 1152 4654 Muellerus
1169 4599 1203 4652 de

50 4685 499 4754 proe.p.568ooldeirreoneimse]
563 4702 598 4740 ue
611 4687 660 4740 ΟΖ
722 4685 859 4740 misoroB
922 4692 980 4741 908.
990 4685 1039 4740 Cn
1050 4685 1135 4739 om.B

55 4770 167 4843 negocii
181 4771 214 4824 Z.
226 4772 334 4842 negotii
346 4774 428 4828 ceteri
496 4771 629 4842 SY.]OB
697 4772 942 4828 sordentesque·
1010 4770 1204 4828 conclusoBG
