2932 5452
114 736 255 788 668-681
595 731 783 786 APPENDIX
1197 731 1257 797 161

111 894 208 946 autem
227 891 391 962 imperabo?
419 892 520 948 aindie.
539 892 687 946 Acidaliae
701 909 730 961 p.
750 895 814 958 439,
833 891 966 946 Handius
987 891 1100 947 Turseli.
1117 894 1138 946 I
1150 910 1181 962 p.
1196 898 1258 947 574.

113 972 219 1026 Iterum
240 971 317 1028 haud
339 972 485 1041 imperabo
509 977 572 1041 post
596 971 789 1027 Franckenum
817 971 835 1026 l.
854 988 875 1025 s.
894 987 915 1024 s.
940 989 971 1040 p.
991 974 1028 1025 50
1050 973 1117 1026 mire
1139 974 1258 1042 amplicat

110 1051 263 1121 Lmnqcrass
282 1051 394 1106 ‘Bella’
411 1068 442 1120 p.
461 1055 523 1106 317.
557 1050 612 1105 Sed
629 1067 695 1105 sanc
713 1068 798 1120 neque
816 1051 920 1105 Iterum
939 1053 1034 1105 autem
1054 1053 1152 1120 (haud)
1170 1053 1258 1122 impe·

111 1130 181 1185 rabo
204 1136 231 1186 ei
253 1129 409 1199 Sequimini
435 1130 488 1184 bac
512 1147 568 1185 uno
590 1137 681 1185 tenore
708 1133 818 1186 lorariis
841 1133 929 1186 dicere
948 1134 1040 1200 potuit
1066 1149 1147 1187 senes
1174 1150 1259 1201 neque

112 1209 257 1265 homiuem
274 1227 300 1264 e.
319 1213 376 1265 660
394 1211 434 1264 sic
451 1210 612 1278 simpliciter
630 1211 784 1278 appellare:
802 1211 875 1264 unde
893 1211 1021 1265 lacunam
1039 1214 1131 1266 statui.

183 1305 244 1355 660.
270 1298 408 1368 Porrigite
430 1314 481 1353 rec.
505 1298 625 1364 Parcus,
652 1298 774 1354 Gnielus.
812 1297 934 1354 Poricite
957 1300 1056 1368 cqrtime
1077 1300 1197 1368 quadrat
1220 1302 1259 1356 ad

112 1377 234 1433 scemam
252 1396 339 1435 suem.
374 1378 418 1433 Dc
440 1377 540 1432 itidem
559 1377 639 1445 quasi
658 1379 692 1444 cf.
712 1377 861 1432 Kochlerus
880 1380 896 1433 l.
916 1395 937 1433 s.
951 1395 973 1433 s.
988 1396 1018 1448 p.
1035 1383 1144 1449 62sqq.,
1165 1381 1257 1450 Meys-

64 1458 72 1476 '
110 1475 160 1513 ras
179 1459 197 1515 t
214 1475 237 1516 s.
255 1475 277 1513 s.
292 1476 322 1528 p.
342 1464 388 1514 80.
425 1457 469 1512 De
487 1456 682 1514 edentauerint
704 1477 728 1515 e.
749 1465 800 1513 662
823 1460 923 1514 videsis
947 1458 1106 1514 Cremeram
1133 1461 1166 1514 de
1184 1463 1256 1529 pers.

111 1540 182 1593 coni.
202 1554 257 1594 usa
270 1544 374 1609 potcnt.
394 1538 434 1592 ed.
456 1538 609 1606 Marburqi
627 1555 652 1592 a.
672 1544 748 1594 1666
762 1556 793 1608 p.
813 1545 857 1594 55.

181 1633 243 1683 666.
263 1629 344 1697 Ipsae
362 1627 411 1682 sed
430 1642 495 1681 ecce
514 1627 570 1679 hue
589 1627 712 1682 Caietae.
741 1626 795 1681 Sed
815 1644 879 1682 eece
897 1627 976 1696 ipsae
995 1628 1113 1682 Botlsias
1132 1631 1176 1696 (ae
1192 1629 1257 1682 dein

110 1707 231 1762 eienod
249 1709 369 1775 ambae).
410 1722 475 1762 ecee
500 1708 570 1761 male
587 1708 640 1774 des.
660 1706 832 1762 Sclsenlreliue
850 1707 946 1761 Plaut.
967 1707 1044 1762 stud.
1060 1725 1089 1777 p.
1110 1711 1148 1762 69
1166 1707 1256 1778 [695].

110 1787 154 1854 Cr'.
173 1787 323 1857 Lanqcsnm
342 1787 455 1842 ‘Beira’
473 1804 502 1856 p.
522 1790 550 1854 3,
567 1785 624 1840 Leo
643 1788 718 1840 Mas.
738 1786 826 1841 Iliun.
847 1787 1033 1840 XXXVIII
1045 1806 1076 1857 p.
1095 1791 1114 1841 8
1133 1789 1197 1844 adn.

181 1881 331 1931 664-676.
356 1875 388 1932 V.
408 1881 460 1929 664
480 1875 560 1930 Nune
579 1876 721 1929 demumst
738 1875 864 1947 Pylades.
893 1874 974 1930 Nunc
992 1875 1062 1928 illud
1081 1879 1125 1930 est
1140 1874 1256 1931 Guielus

107 1960 186 2026 (post
207 1956 258 2011 dcl.
278 1956 384 2024 atque).
427 1955 458 2009 V.
478 1960 530 2009 666
554 1954 697 2010 uiduertas
717 1955 822 2010 Densa.
866 1954 897 2009 V.
918 1961 969 2009 666
988 1956 1079 2010 Aedes
1103 1956 1174 2010 haee
1193 1957 1265 2017 cuia

108 2039 154 2090 est
169 2035 260 2092 Valla.
278 2035 338 2089 Neo
353 2035 416 2090 cuia
430 2036 474 2090 est
483 2035 609 2105 Pylades.
632 2033 692 2089 Neo
706 2034 765 2088 ulla
778 2036 856 2105 (Vlla
869 2052 921 2089 nec
934 2035 1056 2091 Reieias.
1081 2036 1168 2090 Nulla
1181 2053 1255 2090 nunc

107 2114 268 2186 Seyfferlus)
283 2115 424 2186 speculsst
434 2115 615 2170 Camerarius.
641 2113 700 2169 Nec
714 2114 789 2170 uiast
798 2116 923 2170 Boetius.
944 2116 1030 2171 Nulla
1043 2133 1107 2185 spes
1120 2133 1171 2170 nec
1181 2117 1256 2171 uiast

109 2193 314 2250 Fleckeiscnus.
333 2195 394 2250 Vox
404 2193 517 2263 quoiast
524 2195 680 2249 Bcnoistus.
699 2195 1252 2268 NeclocusneeuiastSpchlim‘Rcfi’

103 2291 135 2342 p.
154 2279 222 2329 411:
245 2292 315 2344 quac
332 2275 426 2330 mania
444 2291 494 2330 aar
516 2276 586 2341 ferri
603 2283 737 2344 nequeant
751 2281 830 2345 patet
847 2293 881 2330 ee
898 2279 937 2331 eis
955 2294 1023 2346 qnae
1041 2277 1191 2346 Lanqenus
1209 2277 1253 2330 ob-

106 2357 227 2409 scraam't
240 2355 344 2410 Annei.
359 2355 430 2424 pluit
447 2353 562 2408 CXXV
576 2370 605 2422 p.
621 2360 677 2408 677
683 2372 721 2424 sq.
752 2355 842 2425 Quare
860 2358 892 2410 in
910 2358 967 2411 loco
986 2352 1126 2424 desperato
1146 2357 1253 2410 ‘diuam

106 2434 249 2490 anculorn’
269 2436 409 2491 advocavi.
443 2436 516 2490 Mox
534 2438 642 2489 asserat
664 2451 726 2489 cum
744 2435 891 2490 Gulielmio
908 2436 1029 2491 Reieins.
1062 2435 1093 2490 V.
1114 2441 1164 2490 667
1190 2441 1254 2490 ante

105 2531 193 2582 quam
216 2514 246 2568 in
268 2520 379 2585 partem
408 2515 490 2569 Valla
512 2513 673 2581 Nescimus,
700 2515 874 2570 Camerarius
897 2516 957 2569 Nec
980 2516 1097 2582 scimus,
1119 2515 1179 2570 Nec
1198 2517 1253 2585 Py-

105 2595 184 2649 lades
206 2599 242 2664 (et
265 2596 335 2649 scire
358 2610 506 2664 possumus
525 2600 588 2663 post
610 2610 821 2663 persequamur,
843 2598 893 2651 ubi
917 2595 974 2650 scio
994 2596 1119 2662 Reicius,
1143 2597 1251 2650 Scimus

104 2690 158 2727 nos
178 2674 381 2730 Studensundus
399 2676 432 2729 de
449 2681 522 2729 cans.
538 2692 568 2743 p.
589 2679 646 2742 60),
665 2676 738 2729 nihil
756 2676 903 2729 Benoistus
922 2679 957 2744 (et
977 2675 1116 2730 Insertum
1136 2681 1199 2730 anic
1218 2675 1248 2728 In

103 2757 206 2823 metu),
224 2755 323 2824 Neque
343 2755 413 2810 adeo
432 2756 593 2824 Spcnqelius
616 2759 652 2823 (et
671 2753 778 2808 Scimus
798 2772 928 2809 maxumo
948 2773 1019 2825 quae
1038 2756 1147 2809 anteiri
1166 2759 1252 2821 metu,

103 2835 156 2888 ubi
175 2834 278 2903 Liquet
296 2834 390 2889 uobis:
414 2837 496 2888 tanto
521 2834 683 2903 l'ssinqius).
730 2835 759 2887 V.
780 2841 831 2890 668
854 2853 985 2890 maxumo
1000 2853 1103 2905 praere.
1125 2837 1252 2904 Pylades,

104 2914 232 2967 Maximo
259 2915 377 2969 miserae
402 2915 578 2969 Camerarius
606 2917 662 2983 (cui
685 2914 784 2968 ambae
812 2916 944 2969 adiunxit
967 2915 1092 2970 Reieius:
1120 2915 1250 2967 Maxumo

103 3011 181 3048 nune
210 3011 306 3048 sumus
333 2994 434 3048 ambae
462 2993 580 3048 miserae
609 2995 638 3046 in
662 2998 738 3048 metu
762 2994 935 3049 Stamlarlus
956 3001 1092 3050 comment.
1115 2996 1147 3048 in
1167 2995 1250 3048 Most.

100 3078 235 3143 p.127),
263 3074 353 3129 Nimis
381 3091 484 3144 magno
512 3074 629 3128 miserae
655 3074 852 3129 Fleckeismns.
900 3076 931 3127 V.
956 3082 1004 3129 671
1033 3081 1096 3129 anic
1118 3073 1251 3128 scelestus

108 3154 193 3209 Valla
216 3157 305 3224 suppl.
325 3155 455 3223 Namque
478 3155 502 3208 is
523 3155 604 3220 (idem
627 3161 709 3208 antea
732 3154 877 3208 aduersum
898 3159 973 3222 nos),
997 3155 1051 3220 Qui
1070 3172 1177 3209 sacram
1196 3154 1250 3223 Py-

103 3236 189 3289 lades.
220 3266 251 3274 —
281 3235 433 3290 sceleratus
457 3235 618 3289 Lambinus.
649 3266 681 3273 -
710 3235 861 3288 sacerdotis
889 3234 1063 3302 (sacerdotae
1086 3233 1250 3301 Saracenas)

103 3331 221 3368 manum
244 3332 378 3386 praeceps
407 3315 497 3369 Valla.
535 3315 708 3369 sacerdotem
732 3332 815 3369 auum
840 3330 973 3383 praeceps
997 3315 1123 3383 Pylades.
1162 3331 1250 3368 saeer-

102 3396 200 3449 dotem
220 3412 303 3450 anum
322 3395 481 3464 praecipem
501 3395 683 3451 Camerarius.
718 3395 759 3461 Cf.
774 3396 865 3463 praef.

179 3491 238 3540 673.
258 3484 287 3538 ui
306 3502 357 3538 sua
375 3483 499 3554 deripuit
517 3484 636 3538 Reicies.
674 3484 781 3552 eripere
806 3484 895 3537 uoluit
916 3484 1042 3553 Pylades.
1079 3483 1109 3536 ui
1128 3484 1250 3553 deripuit

102 3581 215 3618 summa
233 3564 435 3619 Rilterslsusius
453 3567 530 3632 apud
544 3565 702 3633 Scioppinm
717 3565 797 3631 riusa.
813 3565 830 3616 l.
848 3564 867 3614 I
875 3563 926 3616 Vs
942 3580 972 3632 p.
990 3568 1052 3617 187.
1079 3564 1107 3616 ui
1126 3562 1250 3632 deripuit

104 3663 208 3699 saeuus
228 3646 350 3699 Cuielus.
372 3675 403 3685 -
424 3662 488 3699 suas
506 3661 539 3698 ea
557 3647 597 3699 al.
617 3650 665 3698 eet
684 3645 811 3710 Botlsius,
830 3644 1014 3697 Hermannus.

177 3739 238 3788 674.
263 3734 318 3787 Sed
340 3749 415 3787 nune
440 3736 471 3786 ut
494 3748 555 3786 sese
581 3733 706 3801 Pylades.
751 3731 830 3786 Nunc
859 3748 918 3786 sese
941 3737 974 3786 ut
999 3733 1149 3786 discederes
1172 3734 1248 3787 Pras.

101 3832 130 3884 p.
151 3819 207 3868 666
230 3815 295 3867 adn.
325 3814 419 3883 (amul
446 3830 507 3867 cam
530 3813 625 3867 Reieio
653 3813 747 3866 ferunt
767 3818 829 3880 post
851 3816 964 3866 nostrae
987 3815 1135 3880 traiciens).
1173 3814 1246 3867 Dim.

103 3901 167 3950 cret.
187 3911 249 3948 cum
268 3897 397 3963 smcisept.
417 3895 499 3948 iamt.
518 3895 661 3948 constitnit
680 3894 883 3947 Studemundus
901 3894 919 3946 l.
937 3909 959 3946 s.
977 3909 997 3944 s.

176 3990 228 4038 676
237 4000 292 4053 sqq.
312 3983 384 4037 Mori
398 4001 449 4053 par
462 3986 505 4037 est
523 3984 650 4054 Pylades.
679 3981 733 4035 Par
746 3981 841 4036 moriri
857 3985 899 4035 est
914 3981 1033 4035 licinius.
1054 3979 1096 4046 Cf.
1107 3982 1197 4048 praes.
1213 4012 1246 4021 -

103 4064 132 4117 in
155 4063 238 4119 malis
262 4064 345 4118 rebus
364 4064 471 4118 miseris
495 4081 555 4119 cum
576 4064 682 4131 Pylade
700 4062 903 4116 Stiulemundus
922 4062 1131 4128 Sqrcnqeliusquc
1154 4061 1171 4113 l.
1190 4078 1210 4115 s.
1226 4080 1246 4116 s.

104 4144 187 4198 rebus
205 4143 317 4199 miseris
335 4145 385 4198 del.
405 4144 526 4209 Reicies,
545 4143 626 4197 malis
645 4143 727 4196 rebus
747 4141 944 4197 Flccleisemcs.
989 4140 1017 4192 V.
1038 4145 1088 4192 677
1109 4139 1247 4192 consolari

104 4240 157 4294 ego
176 4224 228 4278 has
246 4225 372 4295 Pylades.
401 4224 452 4278 has
471 4238 523 4293 ego
543 4222 681 4276 consolari
695 4222 815 4275 Reicies.
844 4238 896 4290 ego
915 4221 979 4273 illas
998 4218 1135 4272 consolari
1150 4220 1245 4272 Flect-

103 4306 215 4359 cisenns.
236 4335 270 4343 —
290 4303 338 4372 qui
356 4306 441 4357 uocat
458 4304 507 4357 del.
527 4303 658 4368 Bottius,
677 4319 739 4356 nien
757 4301 805 4369 qui
819 4305 862 4354 est
876 4300 923 4368 qui
938 4303 1023 4353 uocat
1036 4316 1105 4353 corr.
1125 4330 1158 4338 —
1177 4301 1246 4352 heus

104 4390 166 4438 anm
176 4384 339 4452 Ampelisca
352 4385 416 4438 add.
429 4383 612 4448 Camerarius,
623 4388 684 4450 post
697 4379 855 4449 Ampelisca
864 4381 977 4435 lisiciics
987 4379 1107 4433 Obsecro
1122 4384 1185 4431 ante
1199 4379 1245 4446 qui

10 4478 12 4529 ξ
105 4466 187 4519 uocat
210 4466 349 4519 traiciens.
385 4463 465 4530 heus,
489 4463 646 4527 Palaestra,
670 4460 739 4514 heus
765 4491 799 4499 -
824 4461 907 4528 [lquis
932 4463 974 4513 est
1002 4458 1055 4524 Qui
1075 4456 1245 4513 Palaestram

104 4546 204 4598 uocat?
238 4541 427 4614 [lAmpelisca.
460 4541 994 4611 6066666661661166616066668.
1019 4571 1053 4581 -
1080 4539 1141 4608 quis
1160 4539 1184 4594 is
1203 4542 1246 4594 est

105 4625 150 4692 qui
173 4627 258 4679 uocat
281 4623 337 4678 Leo
360 4624 434 4677 Mus.
455 4623 541 4679 Risen.
568 4625 625 4678 XL
645 4641 674 4692 p.
703 4628 760 4677 146.
804 4622 851 4677 Aa
875 4620 997 4691 respexis
1020 4621 1054 4687 cf.
1079 4621 1246 4675 Inebberins

104 4703 180 4759 Stud.
199 4721 315 4775 qramm.
335 4710 394 4772 lp.
414 4709 458 4759 49.

174 4799 234 4847 680.
255 4795 286 4847 ut
305 4795 371 4862 (pro
389 4793 443 4862 uis)
464 4811 497 4847 ne
517 4794 659 4864 opprimat
676 4794 796 4848 Reieius.

174 4889 274 4953 dsslsq.
294 4882 352 4937 TR.
372 4882 449 4948 Quae
468 4883 527 4938 uis?
565 4884 619 4939 ΡΑ.
644 4884 701 4938 uim
721 4901 781 4939 cuns
806 4881 888 4937 Valla
906 4880 1046 4935 Mnasias
1065 4879 1164 4932 Emere.
1184 4878 1244 4931 crit.

155 4983 250 5023 Pauvrr
265 4983 365 5023 avaras
999 4975 1028 5021 ll
