2932 5452
108 743 249 792 soi-oss
589 739 773 796 APPstx
1189 741 1253 805 173

179 902 240 952 961.
260 897 354 953 hercle
373 898 425 953 del.
445 899 567 969 Pylades
584 901 697 970 itemque
715 901 835 970 amplius
854 899 939 955 etiam
955 908 1018 969 post
1036 901 1166 955 Bottieom
1185 903 1254 955 trai-

106 977 180 1031 eieuo
207 977 414 1047 Fleetaseuur,
439 980 489 1034 ubi
514 980 608 1035 hercle
635 981 720 1034 etism
747 980 812 1050 plus
841 981 988 1052 Seyffertus
1015 982 1115 1034 Plu'tol.
1144 981 1255 1035 XXVI

103 1059 205 1127 16358
224 1058 411 1128 adstipulante
426 1059 562 1115 Muellero
575 1062 652 1115 Pros.
669 1077 698 1129 p.
716 1065 783 1126 100,
801 1060 935 1114 Loreurio
953 1061 984 1114 iu
998 1062 1135 1115 Bursiaui
1148 1061 1254 1115 Auual.

107 1154 133 1191 a.
151 1136 275 1207 1874s75
294 1153 325 1208 p.
345 1141 401 1192 609
424 1141 467 1205 (ut
485 1140 610 1208 delente),
633 1140 777 1209 Speuyelio
802 1140 886 1206 ‘liet’
913 1141 930 1193 l.
949 1156 969 1194 s.
989 1156 1010 1193 e.
1035 1142 1110 1208 (olim
1133 1141 1253 1210 umpljus

106 1217 266 1284 defendente
290 1217 320 1272 Τ.
345 1218 386 1273 Μ.
405 1219 438 1273 P.
463 1236 494 1288 p.
513 1222 588 1290 127).
617 1250 651 1260 —
681 1219 795 1275 domino
823 1218 1004 1273 indicandum
1030 1220 1189 1275 Lambinus.
1219 1251 1251 1259 —

107 1311 209 1351 censeo
226 1298 328 1369 dactpt.
346 1299 400 1365 des.
419 1299 613 1354 Flecteioeuus
631 1301 735 1355 Auual.
751 1300 820 1368 ptil.
840 1300 898 1352 LX
912 1316 941 1367 p.
961 1303 1029 1368 258,
1046 1300 1146 1354 cltnseo
1166 1300 1254 1354 Muel-

107 1376 180 1431 lerus
192 1392 224 1446 p.
243 1382 310 1445 400,
331 1374 432 1436 censeo
451 1380 624 1448 Speupeliue,
648 1380 773 1445 Vossius,
792 1379 851 1433 alii.
884 1379 926 1445 Cf.
944 1396 969 1434 o.
989 1383 1065 1434 1272
1082 1380 1143 1447 (D).
1173 1382 1252 1433 1334.

179 1460 241 1511 969.
259 1456 392 1513 aduortos
411 1459 530 1515 Reiziue.
552 1491 583 1499 -
604 1476 669 1512 nam
688 1460 740 1514 hoo
760 1462 831 1526 (eum
850 1458 889 1527 I]
908 1458 1088 1513 Hermauuue
1106 1458 1154 1512 El.
1173 1459 1199 1512 rt.
1218 1475 1252 1512 m.

104 1552 133 1604 p.
152 1540 217 1592 393.
242 1567 274 1577 -
301 1536 355 1593 hoo
377 1538 482 1594 attinet
505 1553 586 1592 omno
610 1539 646 1592 sd
669 1541 698 1594 to
723 1539 905 1594 Camerarius.
946 1538 999 1594 hoc
1023 1539 1125 1593 attinet
1147 1539 1183 1593 ud
1205 1538 1253 1592 ted

107 1631 189 1669 omne
210 1615 334 1672 Camere.
379 1617 434 1673 hoo
461 1634 543 1673 omne
571 1618 607 1672 ad
635 1619 682 1672 ted
710 1618 813 1673 attinet
831 1618 949 1673 Bottiue
973 1619 1048 1687 (otim
1071 1619 1107 1672 ad
1129 1617 1177 1673 ted
1200 1619 1253 1671 hoe

107 1710 189 1751 omne
209 1696 331 1766 attinet).
353 1729 385 1738 —
405 1699 472 1768 quid
490 1701 535 1753 est
554 1697 660 1754 laetum
675 1697 856 1753 Camerarius.
885 1699 953 1767 quid
972 1701 1016 1754 est
1031 1699 1157 1769 Rplaetes.
1185 1697 1253 1767 quid

105 1775 176 1829 mihi
202 1779 248 1832 ert
272 1777 378 1833 tactum
405 1779 528 1836 Caietm.
573 1778 615 1846 Cf.
639 1779 852 1849 Kampmounus
881 1780 984 1833 Auuot.
1004 1796 1034 1848 p.
1054 1783 1091 1833 40
1111 1784 1137 1833 et
1159 1779 1192 1832 de
1216 1789 1254 1827 AB

101 1871 231 1925 praepa.
246 1874 277 1927 o·
296 1861 332 1911 13
349 1859 415 1914 odo
791 1867 803 1888 ·

178 1940 240 1991 969.
263 1934 349 1992 istum
372 1939 452 1994 euius
474 1939 524 1994 ille
547 1941 591 1994 est
610 1938 785 1993 Camerarius
807 1938 962 2007 obloquente
980 1939 1175 2007 Kampmauuo
1194 1937 1253 1991 Au·

105 2020 163 2071 not.
177 2032 209 2086 ρ.
228 2020 273 2071 40.
310 2018 402 2073 istunc
420 2018 587 2088 quoiuenam
606 2021 650 2072 est
668 2020 792 2074 Bottiue.
830 2017 874 2072 De
891 2036 915 2073 v.
936 2023 988 2073 964
1006 2019 1041 2085 of.
1061 2017 1254 2074 Fleoluueum

105 2093 163 2149 Ea.
183 2095 229 2152 Pl.
242 2112 273 2166 p.
293 2102 327 2152 31
336 2114 374 2168 eq.
418 2099 449 2153 V.
469 2104 522 2153 965
541 2099 684 2153 dominum
704 2096 753 2167 qui
771 2099 887 2153 matebou
905 2098 1067 2154 Lambinus.

179 2179 240 2229 966.
263 2175 361 2233 Nihilo
387 2179 436 2247 pol
463 2180 514 2233 tua
536 2177 624 2248 pluris
647 2180 690 2234 uel
711 2179 773 2232 Tua
800 2178 848 2248 pol
875 2177 964 2231 nihilo
991 2178 1081 2248 pluris
1103 2180 1254 2234 Muellerus

108 2252 250 2309 ‘Noctem’
266 2272 297 2324 p.
312 2262 357 2311 46.
377 2288 412 2298 -
430 2259 529 2327 quenti
547 2276 597 2314 om.
617 2258 778 2314 Lambinus.
813 2258 844 2312 V.
864 2263 915 2311 967
935 2257 1022 2313 illunc
1042 2258 1108 2313 noui
1127 2259 1253 2314 Bottiue.

105 2333 174 2386 noui
191 2331 273 2388 illum
292 2337 418 2406 Pyladea.

179 2418 242 2468 966.
262 2414 343 2471 Nunc
362 2417 492 2488 Pylades.
528 2419 587 2474 Pro
610 2419 703 2488 potius
723 2419 806 2488 (quod
824 2420 868 2473 Ah
892 2426 955 2474 aute
972 2420 1036 2474 Non
1055 2421 1128 2474 ferut
1145 2421 1209 2474 ooo.
1228 2425 1253 2474 et

104 2495 135 2547 te
159 2495 211 2550 del.
234 2498 360 2552 meabat
382 2499 562 2553 Ilermouuue
581 2501 682 2553 Auuol.
702 2500 768 2568 pluit.
789 2498 912 2554 XXXV
928 2517 958 2568 p.
979 2503 1045 2564 193,
1068 2501 1172 2554 adscito
1190 2505 1254 2569 poet

105 2575 297 2631 Camerarium
316 2576 378 2632 Non
402 2577 475 2632 ferat
497 2584 522 2632 et
545 2580 595 2632 del.
616 2579 699 2633 homo
719 2585 743 2632 et
761 2580 790 2632 te
810 2579 940 2647 Weistu-e)
965 2579 1042 2632 ocius
1061 2581 1130 2634 comi.
1150 2579 1252 2633 Guliel-

103 2657 178 2709 66606
197 2655 249 2725 Qu.
268 2658 300 2711 iu
317 2657 391 2712 Ruct.
408 2675 438 2727 p.
454 2663 509 2712 440
529 2661 611 2728 (leude
630 2661 713 2713 homo
732 2675 814 2712 nemo
834 2676 851 2711 a
871 2676 914 2712 ine
933 2659 1004 2713 feret
1022 2661 1085 2714 troi.
1103 2659 1253 2714 Fleckeise-

104 2735 186 2801 ηις),
210 2737 271 2804 poti
289 2736 348 2790 eius
368 2737 499 2806 Botttuo,
517 2738 634 2807 potirier
654 2741 714 2805 (rtet.
733 2740 829 2807 homo)
850 2739 1061 2807 li'ampmauuus
1079 2741 1111 2793 ele
1125 2756 1251 2808 praepos.

104 2827 145 2864 AB
159 2832 189 2884 p.
209 2821 247 2872 12
257 2833 294 2886 eq.
319 2819 383 2873 adu.
404 2823 439 2886 4,
462 2818 536 2889 potis
556 2827 619 2887 post
642 2819 802 2874 Beuor'stum
823 2819 981 2887 Speupeliue
1002 2819 1032 2872 Τ.
1054 2821 1096 2873 Μ.
1116 2819 1147 2872 P.
1165 2837 1193 2888 p.
1209 2824 1253 2887 14,

104 2896 313 2951 struerentur
331 2896 435 2951 Amat.
452 2899 521 2966 plu'l.
542 2899 657 2953 XCIII
671 2917 699 2968 p.
716 2906 761 2966 50,
780 2899 972 2952 Fleckeiseuus
990 2900 1056 2953 ibid.
1071 2916 1101 2967 p.
1122 2904 1175 2953 504
1187 2900 1251 2953 adu.

181 2981 234 3029 969
243 2991 281 3045 oq.
296 2975 400 3029 frustra
414 2993 444 3030 ee
459 2977 586 3047 Pylades.
606 2979 709 3034 frustra
723 2978 760 3032 sis
774 2980 927 3034 olnrtieaoit
936 2979 1149 3047 Kompmauuus
1164 2981 1179 3032 l.
1195 2995 1216 3034 s.
1231 2996 1251 3032 s.

104 3060 171 3110 aute
193 3055 368 3126 Speupelr'um
387 3057 403 3112 l.
422 3073 443 3111 e.
462 3072 483 3110 s.
504 3073 533 3125 p.
555 3061 597 3111 63.
645 3059 709 3113 huio
728 3063 791 3128 post
818 3075 900 3112 nemo
923 3076 947 3112 o.
971 3064 1024 3112 970
1047 3060 1110 3113 troi.
1135 3059 1254 3113 Bottiue

10 3162 12 3175 ι
106 3136 339 3206 Hermauuusque
357 3137 374 3190 l.
393 3152 415 3190 e.
434 3153 465 3202 s,
484 3138 534 3191 uti
547 3144 689 3206 praeterea
708 3138 769 3207 cepi
789 3142 891 3192 uenatu
910 3140 960 3194 rtet.
981 3137 1009 3191 in
1025 3139 1155 3192 Bottius:
1173 3143 1254 3207 atoue

104 3222 222 3285 utroque
240 3232 321 3270 nemo
339 3222 445 3270 servato
464 3217 578 3285 inquam
597 3218 671 3272 huno
690 3219 740 3272 clel.
760 3219 808 3286 qui
827 3218 949 3273 Guietue.

180 3302 242 3350 976.
262 3298 367 3350 certost
385 3296 512 3351 omnibus
531 3314 590 3352 esse
605 3299 729 3368 Pylades.
766 3299 898 3351 certumst
912 3298 1040 3352 omnibus
1056 3315 1116 3352 esse
1131 3298 1250 3353 Retrius.

105 3378 213 3430 certost
236 3375 373 3431 omnibus.
408 3375 461 3432 l'ld
483 3377 605 3433 Crrietus.
636 3379 731 3432 eertod
751 3378 894 3433 omnibust
912 3380 1036 3433 Bottius.
1066 3379 1147 3433 Nilul
1166 3385 1251 3433 uluta-

104 3457 174 3510 bamt
193 3456 407 3525 Kampmauuuo
425 3456 529 3511 Aurwt.
545 3475 575 3525 p.
591 3464 641 3524 40,
660 3459 849 3512 Fleelreiseuus
864 3460 964 3513 Pliilol.
981 3460 1022 3512 II
1033 3476 1062 3528 p.
1078 3465 1114 3512 81
1124 3476 1161 3527 sq.
1178 3461 1253 3523 adu,

105 3534 245 3591 Clrm'stius
265 3536 385 3591 ‘Metr.'²
399 3554 429 3606 p.
443 3540 489 3604 23,
507 3539 568 3606 olii,
586 3541 700 3606 itemque
720 3538 848 3591 omnibuis
867 3544 988 3592 stetimus
1007 3538 1159 3609 Wopuerus
1177 3540 1251 3592 illus.

105 3616 193 3670 Rhea.
215 3616 320 3670 XXII
332 3634 362 3686 p.
383 3621 442 3671 113.
466 3648 499 3658 -
524 3622 547 3672 A
571 3623 599 3672 te
624 3618 713 3671 sentio
740 3619 891 3672 Muellerus
912 3618 1050 3672 ‘Noctem'
1069 3636 1097 3686 p.
1118 3624 1155 3672 09
1172 3619 1253 3683 (court.

104 3713 129 3751 υ.
146 3698 230 3765 1100)
250 3696 377 3751 omnibus
397 3703 446 3752 aut
465 3703 644 3767 transpoueus
663 3705 713 3752 out
730 3699 762 3751 iu
776 3698 899 3751 omnium
914 3704 1023 3752 mutuus
1037 3698 1113 3766 (Tibi
1128 3697 1250 3751 assentio

106 3775 177 3828 illem
203 3775 282 3830 Pros.
302 3793 331 3846 p.
351 3776 408 3844 55).
451 3775 480 3830 Si
499 3777 639 3846 adsentio,
664 3776 704 3832 S.
748 3778 778 3832 V.
798 3783 850 3832 976
873 3779 946 3832 hunc
970 3795 1019 3832 om.
1044 3778 1170 3832 Weisius.
1210 3778 1251 3844 Cf.

106 3855 144 3907 aet
161 3871 186 3908 o.
205 3860 270 3910 977.

178 3940 240 3989 977.
259 3936 417 4004 inueniunt,
441 3937 610 3992 communiet
627 3940 694 3992 ‹luee
713 3939 842 3992 Acidalio
857 3955 886 4006 p.
907 3943 960 3991 444
979 3938 1108 4004 (luietus,
1132 3938 1251 3990 Reiz-ius.

107 4013 252 4068 iuuentust
270 4017 320 4068 clel.
341 4032 486 4070 commune
505 4021 547 4070 est
566 4034 629 4070 mox
647 4020 677 4069 tu
697 4018 805 4070 homo's
820 4022 932 4084 postne
947 4018 1047 4069 inserto
1061 4016 1253 4069 Fleel·eiseuus

107 4094 139 4146 iu
156 4095 196 4148 eet.
217 4098 290 4163 (euru
311 4096 408 4150 Philet.
432 4098 453 4148 I
455 4099 474 4149 I
491 4102 627 4166 12828q.
648 4114 821 4150 communem
845 4114 869 4149 e.
891 4100 945 4149 976
968 4096 1091 4148 deleverit
1111 4095 1251 4162 eodemque

10 4180 12 4187 '
108 4172 136 4226 in
154 4174 224 4227 muri
245 4176 374 4229 traieleus
392 4178 472 4230 varia
491 4179 683 4246 temptaverit):
703 4177 752 4230 uti
765 4192 799 4227 ne
814 4178 845 4228 tu
859 4177 916 4228 iam
931 4175 1083 4227 Lambinus
1097 4174 1180 4242 (idem
1191 4175 1251 4241 pri-

108 4269 167 4307 mus
184 4253 346 4324 inuentus-t).
374 4254 505 4310 inuentus
525 4261 663 4311 communi
679 4259 722 4309 est
736 4256 918 4308 Frarul‘euus
937 4255 953 4307 l.
969 4270 990 4307 s.
1005 4270 1025 4307 s.
1037 4272 1067 4322 p.
1083 4259 1119 4307 57
1138 4270 1171 4306 oe
1188 4254 1252 4307 (lein

108 4350 142 4387 ne
169 4334 347 4401 impudenter
369 4338 414 4402 tu,
441 4337 491 4390 ubi
513 4337 667 4404 (inuentust
691 4335 849 4402 communi).
893 4334 987 4393 illisne
1011 4332 1178 4402 inpudenter
1196 4332 1252 4387 Leo

110 4413 201 4469 Herm.
222 4414 342 4468 XVIII
358 4432 384 4484 p.
405 4420 467 4471 575.

177 4499 238 4549 966.
259 4495 359 4547 Ausu's
379 4495 576 4550 Flecter'seuus.
600 4498 689 4549 Ausus
700 4513 846 4565 perperam-
860 4494 912 4558 def.
930 4495 1044 4547 lllseuus
1062 4493 1078 4546 l.
1094 4509 1114 4547 e.
1129 4509 1150 4546 o.
1162 4509 1191 4561 p.
1208 4497 1252 4547 19.

178 4580 239 4629 986.
260 4573 283 4628 si
304 4574 415 4642 quidem
435 4577 510 4644 quod
529 4575 657 4630 manibus
672 4576 805 4644 excepisti
820 4575 982 4628 Saracenas,
1012 4573 1036 4624 si
1051 4573 1163 4641 quidem
1179 4575 1252 4641 quod

110 4670 157 4708 aas
179 4654 299 4723 caepisti
323 4655 442 4724 Pylades
469 4659 504 4722 (o.
528 4661 580 4710 985
608 4655 701 4710 Meum
725 4657 775 4710 (lot.
800 4657 917 4709 retimeus
940 4655 1014 4723 mei).
1057 4655 1078 4707 si
1104 4655 1177 4723 qnod
1203 4673 1252 4708 uas

110 4735 218 4802 quidem
239 4735 374 4804 excepisti
395 4737 518 4792 Guietus.
552 4737 700 4804 siquidem,
721 4736 794 4804 quod
808 4736 859 4803 uis,
880 4734 1040 4804 ‘excepisti‘
1062 4739 1103 4805 (ut
1123 4736 1250 4804 ‘philoso-

109 4816 215 4883 oletur'
237 4819 268 4870 iu
287 4816 394 4884 duplici
411 4833 492 4871 eursu
510 4818 585 4870 verbi
598 4817 735 4885 excipere)
751 4815 789 4871 Β.
820 4832 869 4869 uss
888 4818 969 4884 quael
989 4814 1193 4884 ‘depositarius'
1210 4815 1252 4866 iu·

112 4896 241 4968 telleoitur
260 4915 278 4951 a
298 4895 494 4966 Kampmauuo
512 4899 614 4952 Auuot.
631 4915 659 4967 p.
680 4902 723 4952 47.
