2932 5452
30 698 33 703 ⁴
56 732 70 785 1
92 737 220 797 1,s-1r
287 814 293 824 ἱ
499 731 767 787 ‘cunemannus

52 894 248 981 Superbiae,
272 895 433 958 lamentae
457 933 498 941 —
522 895 555 958 di
580 898 722 960 vostram
746 896 856 960 fidem!
880 896 951 981 hui,

49 1002 142 1079 ,Quid
165 1001 340 1086 perierant,
364 1002 439 1066 dum
463 1001 596 1068 eliciant
618 1005 724 1087 pretia
748 1006 897 1069 munera!

58 1109 281 1174 Primumdum
305 1131 426 1174 merces
451 1111 620 1175 annuatis
644 1112 767 1193 primus
791 1113 913 1177 bolust:

57 1214 109 1280 Ob
133 1218 204 1280 erim
231 1252 267 1260 -
294 1219 360 1280 tres
378 1216 485 1281 noctis
508 1216 639 1280 duntur!
664 1218 786 1281 intereat
810 1218 873 1282 loci

59 1323 250 1388 Auctarium
275 1327 359 1406 crat,
383 1322 495 1386 uinum
519 1328 574 1386 aut
597 1322 703 1387 oleum
727 1328 785 1388 aut
807 1325 964 1391 triticum:

58 1429 211 1512 Temptat
233 1429 435 1514 benignusne
459 1429 500 1492 an
524 1429 626 1493 bonae
651 1429 742 1514 frugi
763 1431 836 1496 sies.

58 1535 159 1612 Quasi
183 1533 217 1598 in
240 1536 398 1620 piscinam
422 1537 491 1598 reite
514 1536 568 1619 qui
588 1536 730 1600 iaculum
754 1542 848 1620 parat
874 1574 910 1584 -—

57 1641 196 1718 Quando
220 1642 302 1706 abiit
324 1646 391 1706 rete
415 1643 559 1726 pessum,
583 1642 713 1706 adducit
732 1642 868 1725 lineam,

27 1834 39 1857 ·
58 1746 93 1812 Si
117 1747 227 1812 inierit
250 1752 316 1813 rctc
339 1746 514 1831 piscia,·ne
534 1749 667 1834 effugiat
690 1753 800 1834 canet,

134 1954 182 2014 29!
196 1960 348 2030 Superbiae
366 1960 506 2013 lamentae
525 1958 557 2012 θ
581 1962 703 2027 (seclusis
726 1969 790 2016 sunt
813 1965 881 2030 quot
899 1965 1008 2017 vocibus
1031 1965 1090 2017 eall.
1114 1963 1203 2018 Stichi

55 2059 80 2096 v.
102 2046 269 2108 657-659).
303 2044 367 2094 sunt
390 2043 458 2108 quot
478 2039 563 2108 (quod
584 2041 622 2108 B)
651 2041 694 2095 sui
715 2043 789 2110 (sunt
810 2043 881 2109 LZ)
907 2044 1107 2111 perclamunda
1128 2045 1201 2099 iibri.

55 2122 131 2187 sunt,
155 2123 279 2188 quotque
307 2120 413 2190 pericla
440 2119 542 2173 uianda
571 2120 758 2186 Camerarius,
781 2139 814 2176 ac
835 2125 945 2176 retentis
968 2128 1033 2179 sunt
1055 2129 1125 2193 quot
1151 2127 1203 2191 (ael

19 2232 26 2243 ·
56 2204 129 2270 quot
138 2203 213 2267 sunt)
224 2201 330 2270 pericla
338 2203 449 2256 uocibus
460 2199 590 2254 obeunda
598 2202 734 2269 decliner,
754 2203 895 2269 m(e)anda
906 2203 1062 2270 Meursins,
1081 2206 1202 2259 amanda

51 2286 117 2350 post
137 2280 286 2334 Gruterum
310 2281 429 2334 it'eisins
446 2285 471 2333 et
494 2279 655 2348 Machlyes,
678 2281 807 2335 adeunda
824 2283 1038 2352 Jx'aeupmannas
1058 2285 1111 2339 ‘res
1129 2287 1201 2338 naiti-

56 2368 137 2423 tares
158 2360 214 2416 ΡΙ)
239 2377 269 2429 p.
293 2365 344 2426 25,
377 2359 497 2413 amando
527 2358 666 2413 Goelleras
693 2363 742 2419 (ud
770 2363 909 2430 sequentia
937 2364 1072 2430 tradens),
1099 2365 1202 2418 damna

55 2441 179 2495 Brixiam
206 2441 243 2495 ad
271 2439 347 2495 Trin.
375 2456 399 2495 a.
428 2445 493 2495 302.
536 2442 605 2506 quot
633 2442 699 2494 sunt
726 2439 927 2510 pariclamenta
958 2442 1092 2498 Haadias
1121 2446 1201 2500 itus.

57 2522 122 2575 III
146 2538 174 2590 p.
195 2526 257 2575 109.
295 2522 360 2575 sunt
392 2522 461 2587 quot
488 2520 608 2588 superba
636 2521 711 2574 fucta
739 2521 906 2591 Spenpetius,
940 2525 1010 2591 quot
1043 2526 1108 2578 sunt
1140 2542 1202 2594 pcr-

56 2600 141 2655 fidiae
160 2601 268 2654 amanti
286 2601 410 2668 (amarae
442 2600 483 2654 W.
507 2600 549 2655 W.
569 2601 586 2654 l.
605 2617 626 2655 s.
641 2603 673 2669 s.)
699 2601 885 2669 Kiesstinpr'us
904 2619 972 2657 cens.
991 2621 1018 2671 p.
1039 2610 1100 2658 619.
1134 2609 1203 2673 quot

56 2684 125 2735 sunt
143 2680 363 2735 sublectamenta
381 2681 509 2749 Bupptus
528 2682 544 2734 i.
560 2697 580 2734 s.
600 2697 620 2734 s.
638 2697 666 2748 p.
683 2684 744 2735 401,
777 2683 841 2735 otim
860 2686 929 2749 quot
947 2683 1059 2751 insuper
1078 2684 1203 2739 lamenta

57 2767 84 2816 et
104 2764 171 2814 sunt
189 2763 259 2829 quot
277 2760 485 2829 superbimenta
499 2762 641 2827 proposui.
675 2765 753 2829 sunt,
773 2763 843 2828 quot
861 2761 1000 2830 supplicia
1018 2761 1112 2814 danda
1130 2762 1201 2814 Bne·

58 2843 180 2896 cheteras
276 2839 326 2894 inii
344 2841 374 2892 D
392 2842 419 2909 t*
440 2859 457 2894 a
475 2857 560 2894 manu
579 2844 641 2905 rec.)
750 2847 792 2896 30.
812 2840 965 2911 perierant,
985 2842 1051 2894 dum
1070 2841 1102 2895 Ε
1122 2843 1200 2911 Las

55 2920 271 2992 perierandum
294 2922 328 2975 B.
361 2938 412 2990 per
443 2919 587 2974 ierandum
612 2919 640 2972 0.
673 2921 867 2988 perierandum
891 2921 928 2974 1).
967 2920 1145 2990 peierandum
1167 2921 1199 2974 Z.

55 3000 262 3072 perferundum
286 3001 319 3055 L.
363 2999 576 3070 proiectundurn
607 3000 734 3070 Buppius
764 3001 780 3053 l.
812 3017 833 3054 s.
863 3017 884 3055 s.
1011 2999 1126 3054 eliciant
1150 3002 1202 3069 (ecl

56 3081 209 3149 exleeiant)
236 3080 276 3135 Θ.
310 3085 353 3136 est
378 3080 464 3135 ctiam
491 3082 556 3134 libri
685 3081 777 3149 pretia
800 3079 840 3136 S.
874 3085 967 3150 preter
985 3081 1020 3134 B.
1053 3083 1146 3153 prpter
1170 3080 1198 3134 0.

55 3164 171 3232 praeter
189 3161 283 3215 DLZ
333 3162 420 3215 Vnius
440 3178 530 3214 uersus
549 3162 677 3215 lacunam
692 3166 755 3227 poet
772 3177 796 3213 a.
816 3164 853 3214 30
871 3161 968 3214 statuit
987 3160 1107 3213 Brixiam
1125 3161 1202 3228 epist.

52 3260 83 3310 p.
104 3250 124 3295 b*
179 3248 222 3296 31.
242 3241 518 3295 mercesGroneuint.
539 3240 623 3294 miros
632 3242 667 3294 B.
687 3239 772 3293 miror
785 3239 840 3294 01)
854 3245 924 3309 (omi
943 3257 985 3294 res
1004 3238 1070 3293 me
1081 3241 1203 3308 eruamini

56 3323 271 3389 aeramnae).
300 3320 432 3374 merctL.
465 3322 618 3374 moeretZ.
646 3320 723 3374 domi
742 3339 785 3374 res
799 3320 959 3375 Salmasius.
988 3321 1086 3389 ineptit
1101 3325 1126 3373 et
1137 3321 1202 3372 Pal-

56 3402 161 3455 marius
179 3407 203 3454 et
215 3401 321 3453 Petitas
328 3417 376 3453 nee
389 3407 457 3454 reete
475 3401 609 3454 iudicauit
633 3400 782 3469 Seyffernu
800 3401 900 3454 Philet.
920 3406 937 3453 t.
956 3399 1048 3453 XXV
1063 3409 1101 3465 (a.
1117 3405 1204 3461 1667)
1234 3384 1240 3407 '

53 3500 83 3552 p.
103 3486 214 3549 462sq.
305 3497 398 3534 annua
420 3479 444 3532 is
468 3480 502 3533 B.
536 3498 643 3533 annuus
664 3480 727 3533 01).
760 3481 868 3534 animus
892 3481 950 3533 Lu
1039 3481 1143 3549 primos
1166 3481 1201 3533 B.

57 3561 159 3633 premii
178 3559 203 3615 si
221 3561 253 3614 L.
287 3559 424 3629 premium
443 3560 467 3614 si
488 3560 513 3612 Z
565 3560 659 3613 bolust
685 3561 866 3616 Camerarius.
896 3560 1115 3616 ebolustBCD,
1136 3562 1202 3616 obo-

58 3643 117 3695 lust
137 3641 169 3695 Z.
202 3641 300 3695 obolus
320 3645 362 3694 est
381 3640 406 3692 L
478 3646 520 3694 32.
541 3641 645 3693 obeunt
663 3641 721 3693 Lu
785 3640 887 3692 duntur
905 3641 1031 3695 Belbina.
1065 3643 1147 3697 dabor
1165 3643 1202 3698 B.

57 3722 147 3777 'l'uter
168 3721 261 3776 Onu.
295 3722 401 3775 ducunt
418 3721 452 3774 L.
485 3722 549 3773 utor
568 3721 750 3774 t'aneeram'ns.
783 3720 855 3773 duco
874 3736 958 3786 quom
978 3721 1131 3790 Geppertas

58 3810 101 3857 33.
122 3802 285 3857 Auctarium
312 3803 374 3856 orat
391 3800 423 3855 Ε
447 3802 463 3856 t.
488 3817 508 3854 s.
527 3819 548 3855 s.
574 3819 602 3868 p.
624 3806 668 3854 58.
691 3804 740 3853 aut
764 3816 812 3852 ara
835 3802 911 3864 (aera
932 3799 1000 3865 LZ)
1026 3801 1075 3852 aut
1097 3803 1139 3866 (ut
1165 3802 1203 3867 B)

58 3884 134 3938 libri.
167 3884 224 3936 Aut
242 3897 339 3935 aurum
358 3884 408 3934 aut
422 3898 487 3935 aera
501 3883 550 3935 unt
568 3881 734 3949 Spenpetius.
767 3879 878 3934 Orando
905 3880 955 3947 (eet
978 3880 1131 3945 Poseenda)
1154 3884 1204 3932 aut

59 3979 127 4018 acra
149 3964 198 4016 aut
217 3963 365 4030 b'cpffertus
383 3962 400 4016 l.
418 3977 440 4014 s.
461 3976 482 4014 a.
524 3961 580 4013 Aut
599 3964 661 4014 orat
683 3977 750 4013 aera
772 3962 821 4013 aut
847 3959 967 4012 Brixiae
985 3960 1060 4027 epist.
1078 3975 1108 4025 p.
1132 3962 1201 4025 dep.

59 4045 133 4097 Laet
151 4043 213 4095 orat
231 4045 281 4095 aut
298 4041 478 4095 Buechelerus
586 4041 690 4094 cliuum
709 4040 827 4094 Baebius
935 4041 1023 4092 meret
1045 4043 1106 4105 post
1129 4035 1203 4089 triti-

58 4140 123 4177 cum
142 4138 205 4176 eum
224 4121 352 4176 ‘editione
365 4122 467 4177 Basti!
495 4122 650 4175 Palmerius
664 4122 680 4175 l.
699 4137 720 4174 s.
739 4139 761 4176 s.
869 4125 912 4173 34.
936 4120 1047 4172 tentant
1065 4119 1090 4170 L

60 4219 133 4256 nean
146 4202 219 4255 bone
239 4201 301 4255 01).
327 4200 446 4254 ncumbo
471 4219 505 4255 nc
520 4201 555 4255 B.
576 4218 647 4255 anne
666 4200 738 4255 boue
757 4201 783 4254 L
873 4198 940 4253 sies·
966 4199 989 4254 0
1070 4205 1112 4254 35.
1132 4199 1202 4251 ltctc

61 4282 83 4336 0
87 4281 118 4334 D
156 4281 231 4335 recte
242 4281 289 4349 qui
303 4281 371 4335 iacit
378 4282 436 4334 uim
446 4284 528 4350 parat
536 4281 725 4345 Caeneram'um
740 4283 774 4346 cs.
788 4281 929 4335 Turnebus
938 4280 1010 4333 Anu
1024 4279 1104 4332 XVI
1105 4280 1126 4330 I
1127 4279 1154 4343 I,
1164 4283 1203 4332 26

35 4374 38 4379 '
80 4362 197 4417 'dabat
215 4363 462 4416 Palmere'usl.s.s.
517 4361 947 4430 36.persumC,paedediri1.
967 4363 1114 4428 s.s.p.45
1156 4358 1204 4411 ab·

62 4444 140 4499 ducit
159 4444 185 4496 Z
238 4444 341 4496 lincam
364 4443 574 4496 Stademundas.
594 4440 660 4494 finis
680 4441 714 4494 B.
747 4439 820 4494 infra
845 4440 962 4495 ODLZ
1024 4443 1085 4493 tum
1109 4440 1203 4506 (ablue

65 4523 221 4579 Palmerias
245 4524 262 4578 t.
288 4539 309 4575 s.
336 4525 368 4590 s.)
397 4521 512 4575 adducit
535 4522 624 4574 sinum
656 4522 809 4574 Laeredinas
903 4520 1016 4574 Versum
1042 4519 1205 4588 presumpsit

64 4604 187 4673 b'reyetus
241 4608 282 4656 37.
304 4602 333 4655 Si
352 4601 447 4655 inierit
462 4601 639 4655 Bueetieleuns
659 4602 675 4655 l.
695 4618 716 4654 s.
736 4618 756 4654 s.
767 4618 797 4668 p.
813 4606 875 4655 569.
909 4599 1025 4654 Siniecit
1038 4600 1073 4654 B.
1097 4596 1205 4653 sinietit

64 4683 125 4739 01).
149 4683 174 4736 si
184 4699 238 4736 non
247 4682 312 4737 ierit
320 4683 354 4735 L.
383 4682 406 4735 si
416 4680 513 4736 iniecit
522 4681 656 4749 ‘quidam’
669 4683 744 4748 apud
754 4681 927 4744 Lambinam‚
940 4679 1070 4749 Scatiper.
1089 4681 1205 4734 inutilia

57 4766 235 4829 materteram
250 4763 404 4817 Palmerius
423 4761 519 4830 Spiei-t.
535 4779 565 4830 p.
585 4766 656 4827 620,
679 4762 818 4815 Turnebus
836 4761 907 4816 aar.
925 4761 968 4826 X,
982 4766 1028 4816 25.
1047 4762 1128 4814 XXI
1134 4802 1142 4826 ,
1156 4764 1204 4824 20,

59 4844 195 4913 araneas,
215 4844 401 4914 Kiesaliapius
419 4859 488 4898 cena
503 4860 533 4912 p.
554 4846 624 4909 620,
645 4842 791 4913 Machlyus
816 4843 847 4895 in
876 4841 933 4895 ‘Be
952 4841 973 4908 f.
993 4842 1069 4913 baur.
1091 4839 1202 4911 Gpmnss
