2932 5452
64 671 94 728 11
113 681 138 743 o,
158 680 263 755 ro-1s
509 672 772 729 Tavcvnurt'lus
796 760 803 769 .
1169 675 1210 766 lt

66 835 143 903 Nan
161 840 269 921 placet
291 859 386 923 quem
411 840 539 902 scurrae
563 838 709 922 laudant,
737 838 948 922 ma'nipularis
972 839 1159 924 missitant,
1186 860 1211 898 ιο

64 942 180 1029 Neque
204 945 258 1012 ille
282 945 397 1030 quoius
421 942 534 1029 lingua
557 944 740 1030 gladiorum
764 945 865 1010 a'cicm
885 945 1098 1032 praestringit
1116 922 1211 1012 donii.

65 1048 196 1117 Strenui
219 1053 321 1117 nimio
345 1053 419 1136 plus
442 1057 581 1137 prosunt
603 1053 725 1136 populo
750 1076 845 1138 quam
869 1056 983 1140 argute
1008 1056 1085 1120 cati:

10 1168 18 1187 ¹
63 1156 176 1224 Facile
194 1160 257 1225 sibi
280 1159 513 1225 facunditatem
537 1157 641 1224 uirtus
665 1164 815 1245 argutam
838 1159 975 1248 inuenit3

63 1261 142 1329 Sine
166 1266 287 1333 uirtute
311 1271 463 1352 argutum
486 1267 589 1330 ciuem
612 1264 696 1330 mihi
719 1266 856 1353 habeam
879 1290 938 1352 pro
961 1269 1102 1351 praefica
1155 1285 1208 1334 495

63 1369 171 1451 [Quae
194 1374 276 1439 alios
300 1373 506 1457 conlaudare,
530 1395 625 1458 eapse
649 1374 719 1437 sese
742 1394 818 1438 uero
841 1376 906 1438 n6n
929 1378 1061 1460 potest].
1183 1398 1209 1439 rr

64 1549 190 1560 —.-—
194 1554 278 1563 ᾖ...

61 1655 124 1710 acie
143 1658 174 1710 et
187 1656 279 1713 animi
298 1660 399 1714 obtutu
422 1657 647 1714 considerandos.
676 1674 727 1712 nec
751 1658 806 1712 iata
831 1675 860 1712 re
884 1675 946 1711 cnm
965 1658 1096 1714 Plautino
1120 1659 1210 1716 milite

60 1738 250 1808 congruebat,
269 1738 318 1809 qui
335 1739 377 1794 ita
396 1739 437 1794 ait
457 1737 584 1808 ‘pluria
604 1782 610 1792 .
627 1781 633 1792 .
648 1779 677 1792 ..
698 1738 838 1806 decem',
857 1738 942 1793 immo
962 1739 1037 1792 enim
1051 1757 1118 1795 uero
1137 1741 1211 1797 hunc

60 1830 176 1869 uersum
199 1817 248 1872 ille
273 1820 310 1874 ad
333 1818 532 1874 examinandos
562 1817 690 1872 homines
719 1822 894 1873 conuerteret
919 1819 1017 1888 ‘pluris
1040 1823 1084 1874 est
1106 1822 1211 1875 auritus

31 1894 34 1901 '
59 1894 146 1949 testis
165 1914 235 1951 unns
255 1915 339 1968 quam
358 1899 464 1954 oculati
482 1888 601 1954 decem’.
635 1898 738 1951 Festus
753 1914 813 1953 cum
830 1898 921 1953 Paula
936 1917 966 1968 p.
981 1905 1036 1955 17e
1051 1906 1075 1954 et
1088 1906 1143 1956 179
1154 1903 1213 1960 M.:

60 1974 180 2030 Plautus
200 2020 205 2033 .
222 2022 249 2035 ..
269 1980 454 2051 o[s]cnlatum
482 1995 532 2048 pro
556 1978 696 2048 praesenti
724 1977 805 2045 ponit
907 1979 981 2033 idem
1013 1980 1140 2049 ‘pluris

60 2053 194 2111 decem’
215 2057 233 2110 i.
254 2075 277 2114 c.
302 2059 350 2129 qni
374 2077 403 2114 ae
428 2059 531 2114 uidisse
555 2060 639 2114 dicat.
666 2059 789 2128 (ductam
813 2064 907 2114 autem
930 2060 971 2114 ait
993 2061 1105 2115 Verrius
1127 2062 1212 2132 banc)

61 2135 184 2194 formam
203 2141 239 2195 ab
258 2141 332 2196 oculi
351 2140 548 2210 ap(paritione)
622 2145 681 2194 495.
705 2139 792 2193 l'arro
806 2141 839 2193 de
853 2141 870 2194 l.
885 2141 902 2194 l.
922 2139 995 2206 VH,
1010 2146 1046 2195 70
1055 2159 1085 2210 p.
1101 2146 1155 2196 147
1166 2143 1209 2197 M.

59 2221 132 2283 (350
150 2220 227 2290 Sp.):
245 2222 277 2276 ln
295 2221 464 2277 Truculento
489 2220 584 2275 ‘Sine
604 2264 610 2274 .
627 2262 632 2273 .
650 2263 677 2275 ..
698 2219 882 2288 praefica’:
907 2221 1047 2290 (praefica)
1069 2221 1159 2290 diota,
1178 2224 1210 2274 ut

60 2296 193 2354 Aurelius
211 2301 321 2372 scribit,
341 2302 441 2356 mulier
461 2301 497 2354 arl
516 2301 623 2355 luctum
644 2316 715 2368 quae
740 2300 952 2366 conduceretur,
977 2318 1048 2368 quae
1073 2303 1138 2356 ante
1162 2302 1211 2356 do·

61 2394 141 2433 mum
168 2382 272 2436 mortui
300 2382 391 2436 laudis
420 2381 479 2436 eius
504 2385 616 2436 caneret
721 2381 822 2448 quibua
848 2379 1042 2434 testimonium
1068 2385 1111 2436 est
1136 2383 1210 2450 quod

61 2458 202 2529 †fretum
227 2464 271 2516 cat
295 2460 397 2516 Naeuii
426 2462 507 2516 ‘haec
534 2461 648 2530 quidem
674 2461 768 2515 hercle
794 2459 893 2529 opinor
917 2463 1038 2530 praefica
1063 2464 1119 2529 est;
1145 2479 1211 2517 nam

61 2538 204 2592 mortuum
219 2541 382 2596 collaudat’.
416 2540 548 2596 Claudius
563 2542 673 2597 scribit:
692 2559 764 2610 quae
779 2542 975 2611 praeficeretur
989 2543 1099 2596 ancillis
1115 2559 1210 2612 quem-

60 2619 215 2674 admodum
234 2619 456 2677 lamentarentur
474 2624 597 2690 praefiea
615 2624 658 2676 est
677 2623 759 2676 dicta.
794 2622 947 2688 Utrumque
962 2622 1085 2676 ostendit
1099 2640 1117 2676 a
1131 2640 1209 2692 prae-

60 2698 186 2755 tectione
200 2702 348 2770 praeficem
362 2703 466 2758 dictam
482 2704 527 2770 (af.
541 2703 628 2756 Pauli
637 2702 736 2756 lr'catac
750 2720 777 2771 p.
788 2705 848 2758 223
858 2701 911 2769 Μ.)
977 2707 1027 2754 495
1042 2719 1079 2770 aq.
1099 2702 1211 2757 Nonius

55 2795 89 2848 p.
106 2783 152 2845 67,
166 2784 185 2834 2
199 2782 255 2834 M..·
279 2782 429 2850 (Praeficae
452 2782 616 2837 dicebantur
639 2782 714 2851 apud
738 2786 846 2836 ueteres
871 2799 942 2848 quae
967 2781 1094 2836 adhiberi
1118 2783 1210 2837 solent

60 2857 155 2912 funeri
174 2862 301 2916 mercede
319 2864 485 2930 conductae,
505 2866 537 2917 ut
555 2865 584 2916 et
597 2863 694 2918 flerent
708 2865 737 2917 ct
751 2862 835 2916 fortia
848 2863 926 2916 facta
939 2862 1094 2918 laudarent.
1126 2863 1208 2937 Plau-

61 2942 110 2993 tua
129 2938 159 2993 in
178 2937 335 2996 Friuolaria
354 2983 360 2996 .
376 2986 382 2998 .
399 2945 415 3012 .)
435 2941 510 2997 idem
529 2942 697 2997 Truculento
725 2942 914 3010 ‘praefices
934 2983 939 2996 .
956 2983 983 2999 ..
1003 2943 1136 3011 potest’

136 3189 220 3245 auriti
240 3192 267 3243 Z
282 3208 343 3245 curn
362 3190 480 3258 Apuleio
499 3195 524 3244 et
542 3189 632 3243 Festa.
661 3190 752 3244 aurite
770 3190 870 3245 BDL.
899 3189 989 3262 aurite
1015 3190 1038 3245 0
1114 3192 1210 3245 decem

61 3269 123 3324 LZ
139 3286 201 3324 cum
218 3272 337 3339 Apuleio
356 3277 380 3325 et
400 3272 489 3327 Festo.
520 3274 594 3326 dec&
618 3272 653 3325 B.
681 3269 761 3324 Dec&
787 3270 842 3324 01)
939 3276 999 3327 491.
1024 3270 1213 3340 NonplacttO

137 3366 230 3404 scurre
250 3351 346 3407 ΟΜ.
378 3368 455 3405 curre
473 3352 501 3405 B
574 3351 754 3420 manipularis
774 3352 839 3404 libri
911 3351 1116 3407 mussitante.
1135 3369 1210 3405 mua-

63 3431 139 3485 sitan
158 3430 193 3484 B.
223 3431 344 3485 musitan
364 3431 415 3487 ])¹.
446 3433 696 3486 musitantll²LZ
766 3436 826 3486 492.
846 3428 894 3483 ille
914 3432 1012 3497 quoius
1023 3430 1062 3487 ὃ.
1082 3433 1124 3486 illi
1143 3451 1209 3498 quo-
1302 3494 1305 3499 ,

62 3527 126 3564 rum
149 3511 215 3565 libri
237 3515 317 3580 (quoi
336 3512 371 3566 B.
391 3513 521 3582 quorriU)
601 3513 711 3581 gladio?
736 3514 762 3565 B
837 3511 972 3581 pstringit
991 3511 1019 3565 G.
1048 3513 1211 3581 prestringit

60 3590 129 3645 BL.
157 3591 280 3660 petingit
298 3592 335 3646 Ι).
368 3592 555 3662 praestinguit
574 3593 728 3646 Lambinus
799 3598 858 3645 493.
875 3594 972 3660 argute
992 3592 1047 3645 cati
1062 3593 1210 3662 Seyffertua

60 3673 95 3726 in
116 3671 207 3726 ‘Stant
229 3673 336 3726 Plaut'
357 3676 451 3741 1224.
481 3676 580 3741 argute
604 3670 659 3725 ruti
678 3671 711 3725 L.
745 3673 918 3738 arguteccati
939 3670 976 3723 D.
1008 3672 1103 3740 arguit
1121 3672 1210 3727 eccati

62 3753 108 3820 (ec
128 3752 184 3806 cati
204 3753 238 3820 G)
256 3751 320 3805 Bc.
349 3752 441 3821 arguti
459 3755 489 3806 et
509 3750 564 3805 cati
585 3752 611 3802 Z
698 3756 759 3802 494.
784 3750 957 3804 facunditate
977 3751 1007 3803 D
1026 3754 1050 3819 (”
1072 3755 1136 3806 add.
1155 3754 1209 3822 Dr)

136 3835 266 3900 argutam
288 3831 429 3885 Turnebus
447 3832 518 3886 Ado.
539 3831 655 3897 XXIV,
675 3835 716 3883 17.
750 3829 851 3897 arguto
875 3830 941 3883 libri
1031 3836 1090 3884 495.
1110 3833 1208 3887 uirtuti

63 3913 156 3967 1301)
227 3912 458 3966 mihihabeamC
527 3929 577 3980 pro
593 3912 713 3981 praefica
734 3909 836 3975 Varro,
855 3908 886 3960 Z.
915 3909 1048 3976 praefices
1067 3914 1112 3973 (aa
1130 3929 1208 3965 verne

63 3989 245 4048 Friuolariue
258 3995 448 4061 praecedente)
470 3994 588 4049 Nonius.
617 3994 715 4068 pilenta
737 3991 806 4043 BD.
835 3988 961 4058 profecta
981 3988 1009 4043 C.
1038 3992 1164 4058 prolecto
1183 3993 1208 4045 L

137 4080 197 4129 lae.
217 4074 304 4128 Hunc
322 4090 428 4128 cerauni
447 4075 495 4142 qui
519 4075 563 4127 ln'c
581 4090 694 4128 acurrun
711 4071 859 4125 sententiaa
876 4070 969 4122 aliena
987 4071 1209 4140 interpretatione

63 4156 137 4210 tollit
156 4155 270 4208 aliunde
288 4156 397 4208 illatum
415 4170 469 4207 ease
487 4161 572 4222 puto:
595 4170 680 4224 neque
704 4152 852 4205 Varronem
871 4168 930 4204 euin
947 4151 993 4204 uic
1011 4153 1104 4220 lepiaae
1121 4172 1207 4223 appa-

63 4240 119 4299 ret,
137 4235 317 4303 quippedum
335 4252 368 4288 en
387 4235 502 4301 Naeuio,
524 4252 581 4289 nori
603 4252 636 4288 ea
661 4233 760 4286 Plauti
782 4232 838 4284 loeo
852 4230 1004 4298 praeniissa
1022 4234 1208 4299 praeficarurn

58 4315 188 4382 officium
206 4315 324 4370 illustret
415 4314 475 4387 an
494 4316 531 4368 I).
561 4315 619 4379 Qne
638 4307 701 4369 Bt).
730 4312 822 4382 quiL
894 4310 964 4364 alios
984 4311 1010 4362 Z
1026 4328 1087 4365 cum
1104 4313 1207 4368 Nonio.

64 4396 137 4449 aliae
156 4395 278 4450 BODL
350 4396 516 4449 conlaudato
536 4411 605 4465 apsa
624 4395 701 4450 scB.
732 4392 898 4448 conlaudate
918 4390 984 4444 abae
1004 4407 1032 4444 se
1052 4391 1112 4446 ΟΖ.
1132 4394 1206 4449 clau·

64 4477 131 4531 date
151 4476 218 4529 abse
236 4491 265 4528 se
285 4477 402 4543 (seuero)
416 4476 453 4529 Ι).
482 4475 642 4530 conlaudari
662 4478 697 4530 ab
717 4492 746 4529 ee
761 4475 793 4527 L.
823 4473 990 4526 conlaudare
1008 4489 1026 4525 a
1045 4490 1074 4527 se
1088 4474 1206 4532 Nonius.

64 4572 149 4626 eapse
164 4557 317 4625 (veisapsa)
332 4572 361 4608 se
376 4555 523 4624 Scioppius
541 4559 660 4611 restituit
679 4556 760 4623 uturp.
780 4556 837 4611 lect.
851 4554 907 4619 IV,
922 4558 954 4606 11
965 4569 996 4621 p.
1011 4558 1067 4607 204
1085 4558 1208 4626 (eampse

65 4639 225 4702 Mercerus,
244 4637 372 4690 absentes
392 4652 452 4689 sese
472 4636 646 4691 Carnerarius
663 4637 849 4703 seripserunt).
878 4633 1045 4689 conlaudare
1063 4652 1120 4690 non
1143 4654 1208 4691 oon-

63 4716 165 4772 lcndat
188 4717 398 4785 praeferendum
422 4732 475 4769 ease
488 4722 553 4784 post
575 4719 646 4771 alias
667 4716 773 4769 monuit
797 4715 983 4784 Kiesalinptue
1005 4734 1074 4773 cens.
1093 4735 1123 4788 p.
1144 4723 1208 4787 633,

63 4799 140 4853 unde
158 4799 306 4854 conuduut
324 4799 425 4852 inania
444 4798 575 4852 Muelleri
592 4801 739 4852 commnuu
758 4797 775 4851 l.
794 4812 815 4851 a.
833 4812 855 4851 a.
870 4813 900 4866 p.
916 4802 953 4852 58
