2932 5452
219 325 283 389 102
723 326 858 382 PLAVTI

704 489 874 543 Dmcuns

218 576 301 655 Quid
325 583 377 643 est
400 602 463 663 qua
486 580 525 644 de
549 601 583 644 re
606 585 693 645 minc
715 582 802 645 inter
825 599 885 644 uos
910 578 1072 667 litigatis?

699 701 879 757 hscmrc

1066 755 1222 861 fflcquar.
1297 753 1387 842 1060·

736 861 847 916 Gmrvs

218 920 322 999 immo
346 957 406 1021 ego
431 938 573 1022 eloquit.
842 989 844 992 -

701 1023 882 1076 Tarsensem

559 1113 632 1200 Ego
656 1115 772 1198 opinor
794 1117 862 1179 rem
885 1115 1019 1180 facesso.

737 1236 850 1291 Gurrvs

1015 1307 1052 1375 Si
1074 1310 1205 1395 quidem

221 1394 272 1462 Sis
296 1399 447 1482 pudicus,
469 1397 544 1464 hinc
567 1399 717 1464 facessas.

707 1521 877 1575 Dsaucuss

689 1613 800 1696 Gripo,
824 1612 968 1676 animum
993 1612 1129 1677 aduerte
1153 1615 1191 1677 sic
1214 1617 1293 1678 tace.

233 1779 240 1796 ,
736 1734 851 1788 Garrvs

219 1807 392 1874 Vtinistic
415 1808 504 1892 prius
528 1808 637 1873 dicat?

708 1912 876 1966 Diuucuas

647 2004 740 2067 Audi.
773 2004 904 2088 quuere
928 2009 973 2070 tu.

738 2125 850 2180 Garris

973 2199 1109 2265 Aliendn
1132 2202 1223 2285 prius

220 2285 323 2363 Quem
348 2292 405 2352 tuo
430 2288 520 2353 dabis
545 2289 747 2353 orationem?

701 2411 882 2465 Tascnsrro

742 2478 788 2570 v't
809 2502 961 2587 nequitur
983 2504 1148 2586 cdnprimi.

292 2682 407 2746 1061sq.
428 2678 538 2732 Nonius
553 2695 583 2746 p.
603 2682 668 2744 307,
683 2683 712 2732 4.·
737 2677 873 2731 facessere
892 2676 1033 2746 significat
1050 2677 1180 2731 recedere
1200 2721 1206 2732 .
1228 2720 1234 2732 .
1255 2719 1261 2730 .
1282 2677 1368 2732 Plau·

221 2759 265 2810 tus
285 2757 411 2812 Rudente
434 2757 620 2825 ‘siquidum
641 2802 646 2813 .
668 2801 673 2813 .
694 2801 699 2812 .
722 2758 907 2812 facessas':
925 2759 959 2824 cs.
979 2757 1091 2812 Servius
1111 2759 1369 2815 adAen.1V295

295 2933 370 2981 1060.
390 2928 512 2995 quadere
535 2928 571 2982 B.
609 2944 665 2997 qua
688 2928 753 2981 dere
774 2926 830 2980 01)
919 2944 992 2980 nunc
1016 2926 1133 2982 nunno
1219 2929 1370 2983 internos

220 3005 339 3072 litigatis
358 3005 398 3060 Β.
436 3007 556 3076 litigatis
574 3009 646 3062 inter
665 3024 715 3062 uos
734 3009 800 3062 libri
890 3007 1012 3076 Eloquar
1031 3008 1058 3061 B
1077 3008 1115 3076 (*)
1208 3015 1287 3063 1061.
1309 3010 1369 3079 Ego

221 3085 301 3153 pinor
320 3085 346 3137 B
420 3085 563 3155 Siquidem
577 3078 613 3140 'in
631 3104 655 3141 v.
677 3091 749 3142 1062
769 3088 808 3141 in.
827 3086 934 3156 BC(*)
1010 3094 1086 3142 1062.
1105 3088 1248 3157 sipudicus
1267 3090 1296 3143 B

222 3167 357 3234 facessas,
380 3185 406 3220 ss
432 3184 464 3220 cx
483 3183 512 3220 sc
531 3173 561 3221 ut
579 3169 633 3222 vid.
655 3168 704 3222 D².
742 3166 869 3221 discedas
894 3167 925 3221 F
945 3184 1006 3222 cum
1028 3169 1170 3222 nonnuliis
1190 3169 1284 3223 ‘libris
1305 3171 1367 3224 cet‘

221 3245 365 3301 Lambini:
384 3249 418 3312 cf.
439 3249 532 3302 testim.
606 3246 704 3317 Gripe,
723 3247 733 3300 i
752 3265 785 3302 ca
804 3265 822 3316 p
841 3252 873 3299 ut
886 3248 940 3302 vid.
961 3263 1039 3313 corr„
1057 3247 1091 3300 Β.
1128 3246 1229 3317 grippe
1245 3248 1371 3303 GDFZ

294 3332 467 3382 1063-1067
486 3330 526 3381 sic
543 3329 584 3381 B:

258 3406 342 3459 Vtin
362 3407 426 3460 istic
445 3407 520 3476 prius
539 3407 602 3460 dica
674 3407 747 3460 Audi
767 3407 881 3476 loquere
900 3410 931 3461 tu
950 3407 1061 3462 alienon
1080 3408 1158 3477 prius
1177 3425 1261 3476 quam
1283 3413 1334 3464 tuo

257 3485 342 3540 Dabis
363 3487 516 3541 orationem
590 3488 628 3541 Vt
645 3487 777 3553 nequitur
796 3488 948 3557 compremi

259 3566 301 3619 Ita
320 3570 352 3620 ut
370 3566 467 3636 occepi
486 3566 579 3620 dicere
599 3566 677 3619 illurn
698 3584 780 3635 quem
799 3568 904 3621 dudum

257 3647 399 3701 [renonem
418 3647 562 3701 extrusisti
581 3646 627 3699 hic
646 3647 704 3700 eius
723 3647 851 3701 nidulum
871 3648 983 3702 ecillum

257 3727 322 3780 Non
342 3726 433 3781 habeo
506 3724 601 3796 Negas
621 3728 695 3795 quod
714 3726 802 3781 oculis
821 3728 903 3781 uideo
976 3728 1014 3782 At
1031 3744 1066 3782 ne
1085 3728 1181 3783 uideas
1200 3727 1299 3795 uelim,

220 3818 259 3869 sic
279 3821 367 3869 cutem
388 3816 410 3868 0
428 3817 566 3884 (itemque,
589 3817 635 3870 sed
659 3818 691 3869 ut
708 3815 802 3869 inistic
821 3814 898 3885 prius
917 3815 1023 3871 diciret
1042 3817 1153 3872 alienon
1172 3825 1197 3873 et
1215 3803 1333 3887 nequit
1346 3826 1371 3874 et

221 3897 268 3949 ult.
288 3916 300 3948 s
320 3898 350 3948 iu
370 3895 543 3950 extrusistis
562 3912 630 3950 corr.
650 3897 690 3964 D)

259 3976 361 4029 Actace
398 3979 458 4029 utm
479 3975 543 4030 istic
562 3975 639 4045 prius
658 3977 721 4030 dieu
757 3978 823 4032 audi
842 3977 957 4045 loquere
976 3979 1006 4030 tu
1024 3977 1080 4031 alie
1099 3996 1153 4033 uon

257 4053 393 4122 Priusqua
412 4060 460 4109 tuo
480 4055 559 4110 dabis
579 4057 704 4111 uraticnd
759 4063 792 4113 ut
804 4057 933 4126 nequiter·
952 4057 1098 4126 comprimi

258 4133 301 4187 Ita
319 4138 350 4186 ut
369 4137 463 4203 occepi
483 4137 574 4190 dicere
594 4138 673 4191 illum
693 4155 774 4206 quem
794 4139 898 4192 dudum

259 4214 400 4266 Lenonem
420 4217 561 4270 extrusisti
581 4218 627 4270 hic
647 4217 707 4271 eius
727 4218 854 4272 nidulum
874 4236 904 4272 ec
924 4218 1004 4272 illum

259 4293 321 4346 Non
341 4294 429 4346 habeo
502 4314 588 4365 nugae
608 4299 682 4366 quod
701 4299 789 4352 oculis
809 4299 892 4353 uideo
965 4303 996 4353 at
1014 4317 1048 4353 ne
1068 4300 1166 4354 uideas
1185 4302 1285 4370 uelim,

222 4376 272 4429 ubi
294 4375 326 4426 ut
348 4372 412 4427 istic
432 4374 462 4426 F
465 4375 495 4430 Z.
534 4376 589 4431 GR.
615 4377 687 4431 utin*
709 4378 773 4432 istic
794 4380 980 4446 Camerarius,
1003 4378 1086 4434 DAE.
1109 4382 1181 4434 idem
1207 4385 1269 4449 (om.
1292 4385 1373 4454 M),

222 4456 294 4510 idem
317 4455 373 4508 Tit.
393 4456 425 4507 ut
449 4455 523 4524 (Tra.
543 4457 583 4511 ita
599 4458 683 4528 ΕΖ),
706 4459 900 4529 comprimitur
918 4459 988 4526 FZ,
1007 4460 1120 4515 ecillum
1139 4462 1171 4517 Ζ.
1190 4461 1273 4517 illum
1292 4464 1336 4518 F:
1357 4483 1373 4521 e
