2932 5452
77 303 80 307 ’
160 310 202 374 82
662 308 797 365 resurr

656 471 812 524 Asrsrnrvrs

153 561 288 646 Adsum,
303 530 426 628 adduco
441 559 505 628 u‘bi
521 566 709 647 exoptatum
727 559 989 645 Stritophenem

645 702 819 757 Pusoursrvrr

946 767 1055 875 Visis
1074 813 1135 894 est,
1150 808 1296 875 obsecro?

627 951 832 1004 Srssrorrrnrss
999 1012 1002 1017 p

156 1042 247 1108 Mers
266 1064 402 1130 peregre
422 1044 598 1109 adueniens
623 1043 746 1107 salutat
769 1039 945 1106 Nerienem
958 1043 1096 1107 uxorem
1110 1063 1213 1108 suern
1252 1056 1293 1106 ele

230 1333 289 1385 515,
310 1328 415 1383 Gellius
433 1327 526 1382 N..A.
544 1326 645 1393 XIII,
663 1328 701 1379 23
720 1325 797 1394 tm:
817 1322 978 1379 ‘Nerienem
998 1324 1110 1380 Mertis’
1127 1366 1134 1381 .
1149 1366 1157 1379 .
1172 1369 1178 1382 .
1192 1324 1231 1379 sie
1245 1326 1293 1395 ple·

157 1424 258 1475 rosque
279 1408 370 1462 dicere
390 1407 486 1473 sudio¹
506 1407 538 1458 ut
557 1405 675 1475 primam
696 1405 726 1458 in
741 1420 774 1458 eo
789 1401 929 1473 syllabam
947 1404 1118 1475 producent,
1137 1421 1193 1474 quo
1208 1403 1291 1459 Graeci

159 1485 241 1540 modo
260 1485 357 1541 dicunt
372 1489 514 1554 Νηρεῑδαε.
549 1486 597 1540 sed
617 1486 664 1553 qui
680 1483 791 1555 proprie
811 1484 899 1537 locuti
913 1487 991 1553 sunt,
1009 1485 1132 1555 primam
1151 1488 1290 1555 correptam

159 1565 288 1620 dixerunt
293 1606 301 1632 ,
320 1566 432 1620 tertium
451 1566 650 1635 produxerunt.
683 1566 727 1619 est
746 1563 821 1616 enim
834 1567 926 1619 rectus
941 1583 1020 1621 cesus
1038 1565 1171 1621 uocabuli
1190 1566 1254 1620 sicut
1268 1565 1291 1618 in

160 1644 239 1698 libris
258 1649 386 1700 ueterum
405 1645 540 1714 scriptum
559 1648 603 1699 est
618 1644 727 1700 ‘Nerio’
750 1687 778 1700 ..
795 1687 801 1699 .
818 1687 824 1699 .
844 1645 892 1700 sed
906 1644 992 1701 Nerio
1008 1646 1183 1701 auctoribus
1201 1645 1239 1699 sic
1253 1644 1289 1698 de·

159 1724 330 1793 clinebetur,
349 1726 429 1795 qussi
456 1725 567 1780 ‘Anio':
591 1742 657 1780 nem
681 1724 797 1794 perinde
826 1728 858 1780 ut
883 1725 1041 1781 ‘Anienem’
1069 1725 1110 1781 sic
1134 1725 1288 1781 ‘Nerienem'

160 1806 291 1862 dixerunt
317 1806 402 1861 tertie
425 1806 542 1876 syllaba.
579 1806 608 1860 id
632 1808 741 1871 nubem,
764 1806 822 1859 siue
848 1805 956 1860 ‘Nerio’
989 1807 1048 1861 siue
1074 1806 1227 1861 ‘Nerienes'
1248 1810 1288 1871 est,

160 1886 294 1941 Sabinum
318 1888 432 1941 uerbum
458 1890 501 1941 est
525 1903 612 1955 eoque
632 1885 805 1956 significatur
828 1886 918 1940 uirtus
938 1888 967 1940 et
984 1886 1131 1941 fortitudo.
1155 1885 1244 1956 itaque
1263 1901 1289 1938 ex

161 1965 293 2034 Claudiis,
316 1985 385 2035 quos
404 1967 547 2022 eSebinis
573 1966 706 2020 oriundos
730 1967 897 2035 occepimus,
917 1966 979 2034 quis
1003 1968 1064 2020 erut
1087 1966 1200 2036 egregie
1220 1967 1288 2033 etque

161 2048 315 2115 praestanti
334 2047 499 2102 fortitudine
520 2046 618 2100 ‘Nero’
640 2045 802 2114 appellatus
820 2049 864 2100 est
882 2087 888 2100 .
905 2088 911 2098 .
927 2087 955 2101 ..
977 2044 1088 2100 ‘Nerio’
1108 2045 1196 2114 igitur
1207 2044 1287 2097 Martis

160 2125 204 2178 uis
223 2128 251 2179 et
269 2127 398 2195 potentie
417 2129 446 2182 et
459 2127 592 2181 maiestas
608 2126 745 2194 quaedam
764 2141 823 2179 esse
834 2124 932 2179 Martis
945 2124 1164 2179 demonstretur.
1190 2123 1287 2178 Purus

160 2206 256 2259 entem
270 2204 299 2259 in
309 2207 479 2262 Truculento
499 2205 645 2275 coniugem
660 2221 720 2259 esse
736 2203 884 2259 Nerienem
898 2204 997 2258 Martis
1017 2202 1089 2258 dicit
1106 2207 1189 2271 etque
1206 2203 1232 2257 id
1246 2202 1286 2256 sub

160 2301 280 2353 persone
290 2285 387 2341 militis
398 2287 490 2348 inhoe
503 2303 586 2341 uersu
598 2285 701 2339 ‘Mors
720 2328 726 2341 .
743 2326 749 2338 .
766 2328 771 2338 .
787 2325 794 2337 .
813 2286 931 2339 suem’.
952 2301 1080 2354 superea
1098 2301 1129 2338 re
1143 2282 1232 2338 audiui
1243 2299 1286 2336 nen

160 2364 328 2420 incelebrem
352 2366 494 2420 hominem
517 2366 609 2419 dicere
627 2363 710 2418 nimis
735 2365 841 2419 comice
861 2364 991 2419 Plautum
1015 2364 1137 2433 inperito
1161 2364 1190 2417 et
1209 2362 1285 2416 incon·

161 2445 221 2500 dito
239 2445 324 2500 militi
356 2446 456 2500 falsum
480 2462 638 2514 nouemque
662 2444 822 2514 opinionem
845 2443 989 2510 tribuisse,
1015 2447 1049 2498 ut
1072 2444 1217 2498 Nerienem
1236 2457 1285 2495 eon·

161 2525 255 2594 iugem
275 2542 334 2580 esse
353 2524 451 2579 Mortis
475 2526 595 2594 putaret.
629 2525 676 2578 sed
697 2524 726 2578 id
744 2523 834 2592 perite
853 2523 943 2593 magis
963 2541 1048 2590 quem
1073 2523 1178 2577 comice
1199 2522 1283 2576 dictum

162 2604 323 2674 intelleget,
343 2604 391 2672 qui
409 2604 486 2672 leget
505 2603 552 2671 Cn.
574 2603 659 2657 Gellii
678 2603 807 2656 annalem
826 2603 957 2671 tertium,
981 2603 1009 2656 in
1034 2620 1092 2670 quo
1111 2603 1236 2672 scriptum
1252 2601 1285 2654 est

161 2684 319 2752 Hersiliam,
336 2702 398 2736 rum
421 2684 495 2752 apud
519 2682 551 2735 Τ.
575 2681 688 2736 Tatium
717 2683 803 2736 uerba
827 2683 932 2737 feceret
956 2699 1113 2752 pacemque
1138 2685 1234 2747 oreret,
1253 2681 1283 2734 its

161 2770 304 2833 precatam
329 2781 401 2818 esse:
428 2764 525 2816 ‘Neris
544 2763 642 2815 Martis
755 2765 789 2818 de
815 2765 867 2817 tui’
897 2764 990 2831 inquit
1016 2763 1157 2832 ‘coniugis
1178 2761 1280 2816 consilio’

162 2844 280 2897 Martem
305 2844 407 2897 scilicit
430 2842 602 2910 significarim
627 2862 676 2911 per
700 2844 774 2912 quod
798 2847 915 2913 apparet
939 2862 994 2897 non
1018 2861 1078 2897 esse
1105 2844 1134 2895 id
1157 2842 1281 2912 poetices

161 2923 264 2975 Plauto
284 2923 403 2989 dictum,
423 2923 551 2976 sedeam
573 2939 683 2991 quoque
702 2924 880 2976 traditionem
900 2923 999 2989 fuisse,
1019 2927 1049 2976 ut
1066 2923 1150 2976 Nerio
1166 2921 1280 2988 equibus·

162 3002 226 3055 dom
254 3020 322 3055 uxor
348 3020 407 3054 esse
434 3003 530 3055 Martis
556 3003 702 3056 diceretur.
743 3003 811 3056 inibi
838 3007 931 3057 aulem
957 3003 1228 3056 animaduertendum
1250 3004 1280 3050 est

162 3081 238 3149 quod
250 3081 355 3134 Gellius
370 3081 406 3132 ‘N
409 3080 477 3133 rris'
490 3082 560 3134 dicit
573 3098 624 3150 per
634 3083 673 3135 ‘u'
690 3084 821 3152 litteram,
837 3101 892 3137 non
908 3082 1016 3135 ‘Nerio'
1033 3100 1125 3149 neque
1142 3079 1279 3136 ‘Nerieues'.

120 3202 128 3215 .
162 3165 272 3230 praeter
291 3162 422 3214 Pteulum
443 3161 528 3213 etiem
554 3167 719 3231 praeterque
740 3164 861 3216 Gellium
886 3163 1008 3216 Licinius
1028 3163 1139 3216 lmbrer
1163 3168 1232 3216 uetus
1247 3175 1278 3211 co

162 3242 334 3294 moediarum
363 3241 481 3309 scriptor
507 3242 536 3293 in
561 3242 657 3296 fabule
684 3262 754 3311 ques
782 3245 890 3299 Neaera
916 3243 1021 3311 scripta
1048 3246 1105 3309 est,
1132 3245 1172 3297 ite
1194 3240 1278 3309 scripsit

164 3322 249 3374 ‘Noto
269 3338 321 3391 ego
333 3322 469 3374 Neaeram
488 3324 516 3374 te
537 3326 645 3389 nocent,
670 3325 718 3377 sed
736 3324 897 3377 Nerienem’
920 3367 970 3378 ...
991 3324 1031 3376 ita
1052 3328 1145 3377 autem
1165 3341 1191 3377 se
1207 3335 1277 3374 nune·

163 3420 209 3454 rus
228 3401 343 3455 huiusce
364 3419 458 3455 uersus
477 3402 575 3469 habet,
599 3407 631 3456 ut
654 3405 739 3457 tertia
761 3403 789 3455 iu
810 3421 841 3456 eo
857 3403 967 3456 nomine
983 3403 1094 3470 syllaba
1113 3407 1277 3470 contraquam

164 3481 372 3550 supradictum
397 3485 439 3535 est
463 3482 637 3551 corripienda
656 3484 692 3535 sit
712 3526 717 3536 .
735 3527 740 3537 .
757 3526 784 3538 ..
812 3483 916 3536 Ennius
934 3486 1030 3535 erstem
1052 3484 1080 3536 in
1103 3484 1189 3551 primo
1208 3477 1277 3534 enneli

165 3604 192 3616 ..
209 3603 214 3613 .
232 3606 236 3614 .
254 3563 285 3627 si,
301 3561 376 3630 quod
391 3562 504 3615 minime
521 3562 600 3628 solet,
615 3580 760 3615 numerum
771 3564 905 3628 senrauit,
924 3564 1045 3632 primum
1061 3563 1195 3632 syllabam
1212 3563 1278 3615 inter·

163 3642 218 3707 dit,
237 3642 351 3695 tertiam
371 3642 504 3711 corripuit
524 3684 617 3698 .....

166 3769 277 3776 .>-—..
289 3772 376 3777 ..-.....-

159 3869 238 3920 posse
256 3857 388 3922 esposuit.
421 3855 518 3909 Bottia·
537 3857 704 3925 Gorttcriquc
723 3860 918 3912 hariolatiorses
937 3860 1006 3912 idem
1025 3858 1229 3928 Karnpmonnus
1247 3870 1278 3906 sr-

157 3936 244 4002 ptosr't
258 3951 288 4001 p.
303 3941 344 3988 22
359 3952 395 4002 sq.
412 3937 476 3988 adu,
533 3937 580 3990 ubi
600 3937 678 3990 itta-st
693 3939 820 4004 obsecro,
835 3957 907 4007 quse
922 3956 966 3993 ms
981 3938 1029 3992 hic
1043 3939 1172 4006 reliquit?
1189 3937 1243 4006 quid
1255 3949 1279 3985 ce

161 4030 178 4065 a
196 4031 241 4067 nie
260 4014 388 4067 abstitit?
408 4014 588 4069 Bucebetmus
643 4023 702 4072 514.
727 4021 803 4072 Adsri
822 4021 856 4072 B.
891 4022 991 4071 Assum
1015 4020 1040 4070 J,
1113 4019 1214 4072 adduco
1233 4012 1278 4067 II.

161 4095 268 4147 adduce
279 4095 369 4148 1501)
424 4100 512 4149 strato
532 4098 647 4165 peneB.
677 4102 856 4167 strutopenen
872 4098 900 4151 C.
933 4090 1279 4167 stratopeneb¹,sorr.1l'

161 4187 220 4222 curru
240 4171 296 4221 ΔΖ
366 4175 413 4227 ubi
433 4175 456 4226 is
476 4178 520 4227 est
538 4176 568 4230 Z.
599 4177 702 4231 nubilis
727 4180 830 4232 obl).
859 4177 1007 4232 nubilisest
1027 4180 1057 4233 0.
1085 4179 1132 4233 ubi
1151 4172 1277 4232 illecsiL

233 4248 353 4303 Obsecro
375 4253 429 4305 OD
498 4262 557 4309 515.
578 4274 652 4310 mars
673 4259 729 4312 01)
782 4260 922 4312 rrerieuenr
943 4258 971 4314 0.
1000 4261 1111 4314 nerieni·
1131 4261 1165 4313 I).
1191 4255 1278 4311 nerieue

161 4326 195 4395 B.
230 4345 359 4382 uenerem
379 4334 403 4383 L
508 4335 600 4389 onre
621 4338 684 4392 CI).
709 4346 812 4392 uoxore
831 4340 874 4406 Β,
898 4340 970 4392 erade
989 4341 1022 4392 de
1042 4339 1153 4394 Neriem
1171 4348 1276 4392 uororem

161 4407 288 4479 copitaett
308 4409 431 4463 Ir'ocbius
449 4416 480 4466 tn
499 4416 629 4472 Flectere.
650 4438 715 4475 anri.
736 4426 753 4473 t.
775 4419 818 4473 CI
837 4423 874 4485 (a.
891 4423 977 4487 1870)
990 4435 1020 4489 p.
1040 4423 1098 4475 283
