2932 5452
626 711 833 767 PRAEFATIO
1216 717 1306 770 Xlllll

212 886 269 953 On.
295 888 413 953 Tourue
433 889 573 967 soeuitu,
596 891 793 956 arlutrseeus?
817 897 851 955 tu
873 894 901 957 si
924 894 981 957 titi
1002 914 1050 957 eree
1066 895 1209 976 postulas

294 1003 383 1070 Dure
403 1025 540 1088 murone,
563 1011 718 1089 aequomst
739 1009 916 1090 respondere
939 1008 1017 1073 milti
1039 1014 1080 1085 te,
1102 1011 1185 1092 quod
1204 1031 1256 1093 opo
1279 1017 1307 1074 te

797 1144 814 1186 r
852 1145 877 1188 o.

214 1235 270 1301 ΒΥ.
293 1235 397 1301 Multa
419 1236 515 1301 simul
538 1257 647 1322 regas:
670 1213 778 1303 nescio
799 1144 874 1323 qiiid
894 1238 1060 1323 expediam
1083 1240 1306 1323 potissumum.

157 1376 211 1441 Ac
232 1378 370 1443 fortasse
393 1401 410 1442 e
434 1379 491 1444 tali
515 1380 740 1464 supplemento
764 1381 820 1445 illa
841 1381 973 1444 saeuiter
1000 1381 1109 1465 glossa
1132 1383 1305 1466 repetenda

157 1497 218 1576 est,
240 1492 280 1557 de
303 1516 367 1577 qua
390 1494 430 1557 ad
455 1508 486 1557 vj
501 1495 587 1559 lolio
608 1496 800 1581 significavi:
825 1497 1032 1579 quantumvis
1056 1497 1211 1561 incertam
1234 1521 1303 1562 eam

157 1630 230 1672 esse
253 1608 470 1673 coniecturam
494 1610 734 1675 concedendum
758 1612 809 1675 sit.

248 1739 326 1806 Non
352 1741 454 1805 multo
482 1745 557 1824 post
583 1742 668 1806 inter
695 1766 724 1806 v.
748 1745 811 1807 896
836 1746 869 1806 et
892 1743 955 1807 897
980 1743 1101 1827 aliquid
1124 1741 1307 1828 desiderari,

158 1880 223 1942 quo
247 1879 268 1921 a
290 1854 472 1921 Charmidis
495 1856 602 1921 verbis
626 1840 734 1923 secum
758 1858 989 1922 murmurantis
1012 1859 1168 1923 transitus
1192 1861 1232 1923 ad
1256 1884 1305 1945 sy-

159 1972 341 2057 cophantae
373 1993 563 2066 responsum
590 1976 735 2057 paretur,
766 1972 943 2038 rectissime
976 1974 1112 2039 sensisse
1144 1973 1305 2040 Kochium

160 2092 248 2174 put0.
271 2087 322 2151 Ibi
345 2086 445 2173 igitur
467 2109 600 2171 prorsus
623 2087 790 2172 probabile
813 2091 863 2152 est
890 2089 966 2153 olim
990 2088 1136 2153 talitano
1161 2089 1304 2154 Charmi-

159 2204 207 2269 dis
230 2202 481 2293 interrogationi
504 2203 611 2267 locum
633 2203 733 2267 fuisse
757 2204 855 2288 longe
879 2204 1145 2287 simplicissimae:

294 2335 379 2417 Quul
398 2335 469 2399 uis?
492 2336 569 2400 istoc
590 2337 668 2417 quid
683 2337 727 2400 ort
747 2336 801 2400 lios
819 2336 955 2400 bouriues
972 2337 1105 2400 ottiueut
1121 2337 1290 2418 epistites?

247 2467 324 2534 Non
338 2471 406 2531 tam
420 2467 611 2532 necessitate
635 2467 877 2532 demonstrandi
891 2490 988 2551 quam
1002 2468 1217 2533 ratiocinandi
1231 2490 1304 2552 prc-

159 2586 326 2652 babilitete
341 2583 474 2667 utimur,
493 2605 566 2648 cum
584 2584 681 2648 etiam
695 2587 770 2668 post
784 2606 812 2646 v.
827 2583 889 2646 901
907 2582 1064 2666 quaedam
1078 2583 1187 2647 deesse
1203 2585 1303 2667 suspi-

159 2724 278 2768 camur.
306 2697 520 2764 Convicturus
548 2700 782 2784 sycophantam
808 2697 955 2762 fallaciae
982 2698 1046 2761 alia
1073 2720 1111 2760 ex
1139 2720 1176 2762 eo
1205 2697 1303 2763 Char-

160 2818 260 2882 mides
283 2814 422 2899 quaerit,
446 2813 486 2878 ad
510 2837 590 2898 quae
613 2815 667 2879 ille
690 2836 822 2898 prorsus
841 2815 967 2897 praeter
986 2812 1154 2876 veritatem
1172 2835 1302 2897 respon-

161 2935 226 2999 det:
252 2954 366 3015 unum,
390 2929 429 2993 ad
454 2928 539 3013 quod
553 2930 731 3013 verissime,
754 2951 826 2993 cum
842 2927 1003 2992 Seleuciae
1018 2927 1117 2992 fuisse
1132 2928 1303 2994 Lesbonici

161 3045 284 3125 patrem
308 3040 399 3108 dicit:
422 3045 461 3108 ct.
485 3068 513 3108 v.
531 3046 602 3108 11‘2.
618 3045 691 3109 771.
714 3044 775 3108 llla
798 3066 893 3128 quern
917 3043 956 3106 ad
980 3044 1111 3107 modum
1135 3044 1303 3108 cavillatur

162 3156 361 3241 Charmides,
393 3159 439 3223 ita
470 3160 531 3225 hoe
564 3183 637 3224 eum
670 3159 820 3223 demirari
853 3162 1104 3223 consentaneum
1138 3163 1199 3243 est,
1235 3183 1302 3224 nen

163 3278 267 3338 antem
295 3275 362 3338 alto
391 3274 518 3340 silentio
541 3275 724 3359 praeterire.
752 3274 866 3357 Itaque
894 3274 1002 3338 nescio
1026 3296 1068 3338 an
1091 3297 1158 3339 non
1181 3275 1301 3340 incom-

163 3390 252 3469 mode
286 3389 320 3453 in
351 3389 436 3453 hanc
468 3391 661 3454 sententiam
689 3392 874 3473 loquentem
908 3412 1017 3454 senem
1049 3389 1157 3454 animo
1190 3394 1301 3455 nostro

162 3505 381 3570 informemus:
427 3576 429 3579 ¹

209 3636 269 3702 Cn.
292 3636 357 3701 Vbi
381 3638 449 3722 ipse
473 3637 563 3701 eret?
592 3636 646 3702 ΒΥ.
670 3637 751 3700 bene
775 3659 842 3700 rem
866 3637 1007 3722 gerebat.
1035 3635 1095 3702 CH.
1119 3661 1196 3725 ergo
1224 3638 1301 3703 ubi‘l

597 3825 599 3828 .
798 3750 852 3816 Su.
875 3753 910 3816 in
934 3750 1086 3816 Seleucia.

209 3869 269 3935 Cu.
291 3869 382 3933 Miro
403 3874 488 3945 serrat,
509 3870 564 3950 oui
585 3868 634 3931 lu'e
655 3869 732 3932 seire
748 3869 832 3949 potis
855 3873 898 3932 est
919 3888 966 3931 me
986 3867 1082 3946 fuisse
1104 3869 1139 3929 ia
1157 3868 1300 3943 Seleucia,

298 3985 380 4049 Vnde
403 3986 487 4049 redeo
510 3984 575 4048 leue
599 3989 667 4049 retest
689 3989 744 4051 est.
767 4005 896 4066 perpure
912 4003 1008 4064 por-ro
1026 3965 1243 4062 percontarier.

292 4098 344 4162 Ab
367 4099 470 4182 ipson'
493 4099 573 4163 ista-s
596 4100 769 4184 accepisti?

246 4231 347 4295 Porro
376 4230 493 4294 iustam
522 4232 656 4295 lacunae
684 4232 895 4314 suspitionem
929 4251 1039 4292 versus
1071 4227 1136 4290 923
1168 4227 1301 4310 praebet

161 4352 254 4431 atque
277 4347 342 4410 iam
364 4344 485 4410 Meiero
509 4369 539 4429 p.
563 4347 627 4410 324
650 4346 806 4430 praebuit.
829 4345 914 4410 Nam
937 4344 982 4407 ibi
1005 4343 1090 4427 quod
1114 4339 1301 4405 Charmides

160 4463 224 4527 elisei
251 4483 303 4545 roo
331 4461 377 4525 ait
403 4463 469 4526 ioue
496 4463 612 4526 (tritum
640 4463 710 4525 tibi:
739 4462 808 4524 true
840 4466 867 4523 te
887 4460 992 4541 potius
1019 4458 1115 4521 dicere
1146 4463 1301 4538 aequomst

160 4576 275 4642 lunzini
302 4577 400 4641 amieo
426 4578 634 4659 promurale.
658 4577 689 4640 id
718 4599 776 4639 nee
800 4580 869 4639 erat
892 4575 1011 4638 dietum
1035 4576 1132 4638 antea
1158 4595 1218 4638 nec
1245 4596 1298 4658 po-

160 4694 220 4757 tuit
251 4693 329 4775 diei,
361 4714 433 4776 cum
466 4694 548 4756 male
581 4693 705 4756 dicendi
730 4693 818 4755 nulla
847 4690 922 4753 dum
946 4688 1163 4773 sycophantae
1187 4711 1300 4753 caussa
