2932 5452
663 738 868 794 ramrnno
1259 769 1335 809 mn

188 922 252 967 nae
274 901 379 986 frugis
403 900 626 983 plenissimam
649 903 729 967 satis
748 906 862 969 notum
881 908 931 968 est
950 908 1059 969 extare
1078 904 1112 968 in
1133 904 1333 970 Fleckeiseni

149 1030 264 1099 ‚ann
299 1009 377 1093 phil.
410 1011 432 1073 t.
465 1005 589 1072 XCVII
618 1006 659 1094 (a.
690 1008 790 1095 1868)
818 1033 847 1094 p.
867 1011 931 1075 (509
952 1033 1030 1096 sqq,
1062 1011 1202 1096 itemque
1230 1011 1333 1076 Brixii

190 1113 396 1201 ‘epistulam’
420 1115 598 1200 appellavi,
622 1138 718 1200 quam
742 1116 846 1198 docto,
870 1120 907 1180 ut
929 1117 1028 1199 solet,
1050 1116 1106 1181 ille
1130 1116 1169 1181 ad
1193 1114 1333 1203 Spenge-

188 1223 271 1287 lium
295 1221 382 1286 dedit
404 1221 438 1285 in
462 1242 571 1306 progr.
595 1242 703 1306 gymn.
732 1223 887 1307 Liegnitz.
911 1247 939 1288 a.
965 1224 1058 1288 1868.
1084 1227 1117 1284 Ε
1144 1227 1223 1287 nota
1246 1245 1333 1288 meas

189 1329 390 1394 coniecturas
414 1330 559 1415 signatas
583 1351 652 1395 esse
676 1331 729 1395 vix
753 1335 802 1394 est
826 1331 912 1415 quod
935 1340 1093 1396 mo'neam.
1393 1328 1398 1334 ’

278 1435 347 1500 Iam
362 1458 438 1502 vero
453 1442 581 1522 praeter
595 1438 771 1504 editionum
787 1438 1160 1524 commentationumque
1177 1436 1333 1521 subsidia,

189 1566 272 1629 quae
300 1545 448 1610 omnibus
478 1550 605 1630 patent,
637 1567 703 1610 non
731 1545 901 1611 defirerunt
934 1568 1015 1631 quae
1044 1547 1187 1610 fautores
1216 1566 1333 1628 operae

188 1674 280 1717 meae
303 1653 354 1717 vel
378 1653 474 1718 amici
497 1653 691 1718 conferrent.

279 1758 385 1844 Atque
414 1759 565 1826 Loewio
593 1782 664 1824 meo
695 1759 770 1844 quid
797 1760 877 1826 haec
908 1782 1035 1846 qnoque
1073 1761 1184 1825 fabula
1219 1759 1335 1824 debeat

188 1865 222 1929 in
250 1866 422 1950 propatulo
451 1870 513 1950 est;
545 1888 648 1950 neque
679 1867 809 1931 alterius
841 1867 919 1932 socii
943 1867 1084 1952 benigna
1107 1867 1257 1931 voluntas
1282 1888 1333 1930 me

190 1971 343 2037 deseruit.

279 2077 342 2144 Sed
372 2102 450 2165 prae
474 2083 589 2147 ceteris
613 2082 827 2166 praedicanda
851 2085 901 2146 est
924 2080 1128 2146 duumvirum
1152 2081 1334 2146 liberalitas
1398 2074 1406 2090 ⁸

187 2187 255 2252 iam
279 2191 377 2253 antea
398 2187 437 2252 de
451 2188 646 2254 Truculento
670 2190 793 2274 optime
817 2189 1016 2272 meritorum,
1040 2210 1176 2272 quorum
1200 2188 1333 2253 monitis

189 2296 223 2358 et
254 2295 450 2360 adiumentis
484 2298 613 2381 egregie
646 2301 758 2362 auctus
788 2319 873 2360 sum:
908 2295 1070 2359 Auream
1093 2295 1334 2362 Fnacnurssur

188 2404 288 2485 atque
307 2401 493 2470 Fanucrsm
512 2404 754 2470 Bvucnanaur:
780 2405 833 2488 qui
857 2402 942 2488 quod
965 2406 1016 2468 tot
1039 2404 1178 2487 negotiis
1203 2403 1335 2468 distenti

186 2510 298 2572 tamen
330 2509 411 2573 mihi
441 2533 594 2596 meaeque
629 2534 744 2596 operae
777 2511 930 2595 opitulari
963 2532 1028 2573 non
1056 2510 1222 2594 dedignati
1251 2515 1334 2593 sunt,

186 2615 294 2680 dicere
314 2638 435 2700 nequeo
456 2641 552 2702 quam
572 2622 665 2703 grato
682 2618 788 2680 animo
805 2621 961 2700 grataque
977 2617 1133 2680 memoria
1148 2638 1333 2700 prosequar.

277 2722 540 2789 Funcnalsnnvs
570 2724 655 2787 enim
683 2745 748 2787 non
779 2723 874 2788 modo
904 2726 940 2786 ut
962 2723 1074 2805 purior
1099 2725 1131 2785 et
1154 2724 1335 2808 elegantior

185 2828 319 2894 libellus
338 2830 482 2913 prodiret
503 2831 621 2914 effecit,
646 2830 700 2894 sed
720 2830 818 2893 etiam
838 2830 1079 2894 adnotationem
1099 2829 1245 2894 criticam
1266 2854 1333 2895 sae·

182 2936 260 3018 pius
284 2938 474 3021 emendavit,
498 2937 668 3022 supplevit,
691 2937 827 3020 denique
851 2937 993 3001 inventis
1018 2937 1084 2999 suis
1103 2937 1240 3002 ornavit.
1270 2938 1330 3014 Qui

183 3045 317 3124 praeter
344 3065 393 3124 ea,
421 3067 502 3128 quae
526 3067 555 3109 v.
581 3044 652 3108 709.
678 3044 751 3108 723.
776 3043 848 3107 797.
873 3044 937 3108 848
961 3043 1080 3125 recepi,
1108 3064 1135 3107 v.
1160 3044 1234 3108 276.
1258 3045 1334 3109 484.

183 3148 254 3213 565
283 3153 315 3214 et
344 3173 440 3234 supra
464 3173 493 3235 p.
516 3150 610 3214 XXII
635 3149 707 3214 adn.
735 3151 749 3213 1
777 3149 872 3226 adv.
900 3151 963 3213 714
988 3151 1251 3235 commemoravi,
1281 3151 1332 3215 his

183 3255 268 3320 locis
293 3258 490 3322 sententiam
511 3257 692 3341 adscripsit.

277 3362 316 3428 V.
342 3366 418 3428 749:

182 3467 274 3533 Nam
303 3471 381 3535 item
410 3476 446 3536 ut
470 3471 666 3536 Accheriinti
675 3470 699 3556 ¹)
722 3471 775 3535 hio
803 3494 878 3535 una
902 3469 962 3554 (uel
985 3469 1080 3556 sola)
1105 3472 1190 3536 ratio
1210 3472 1333 3556 accepti

827 3560 989 3660 scribitur,

181 3681 326 3747 scilieet:
359 3706 424 3749 non
448 3686 527 3749 item
556 3683 720 3767 ‘expensi'
744 3684 827 3747 ratio
851 3680 904 3767 (cf.
929 3707 956 3747 v.
983 3683 1049 3768 73).
1095 3684 1187 3760 Quod
1216 3687 1243 3749 si
1267 3709 1333 3750 am-

178 3789 340 3872 plectaris
372 3828 409 3836 -
440 3796 472 3855 et
504 3791 676 3856 admodum
710 3790 817 3872 placet
849 3789 1033 3853 coniectura
1064 3826 1117 3872 -,
1149 3792 1257 3855 nescio
1291 3815 1333 3856 an

178 3918 210 3960 v.
240 3896 304 3960 750
328 3899 496 3963 molestius
521 3899 718 3962 adnectatur.

278 4001 316 4067 V.
333 4005 397 4069 795
418 4006 519 4085 folsns
543 4006 604 4090 (sic
618 4002 790 4088 Angelius)
810 4001 939 4066 dubitat
958 4023 999 4065 an
1020 4007 1105 4066 recte
1126 4002 1331 4067 emendatum

178 4110 242 4193 sit,
266 4131 337 4174 cum
359 4112 455 4191 lassis
478 4109 539 4197 (sio
562 4109 653 4196 libri)
677 4111 771 4175 facile
788 4132 824 4174 ex
840 4132 935 4174 versu
949 4109 1151 4174 antecedenti
1168 4109 1330 4193 [fass(o)e]

175 4216 300 4282 inferri
324 4219 467 4299 potuerit
490 4220 624 4302 expulso
648 4219 758 4282 cloatius
781 4218 832 4281 vel
857 4217 954 4280 simili
979 4216 1147 4281 adiectivo.

278 4321 415 4389 Versum
440 4330 548 4389 autem
572 4326 794 4408 insequentem
818 4324 1015 4405 transposito
1034 4343 1085 4405 eqo
1104 4323 1150 4386 sio
1170 4323 1331 4388 emendat:

225 4446 305 4514 Nisi
329 4450 404 4533 quia
427 4450 526 4516 timeo
551 4455 669 4533 tamen,
692 4471 733 4513 ne
758 4448 843 4532 qu6d
867 4468 928 4530 ogo
951 4445 1087 4530 peccaui
1108 4448 1198 4512 sciat.

277 4572 422 4658 Denique
447 4600 475 4640 v.
499 4577 562 4641 817
587 4575 754 4659 proponit:

615 4684 724 4766 qu6m
750 4681 840 4744 adest
863 4701 920 4743 nec
945 4701 1053 4762 sepse
1077 4677 1207 4744 indicat.

164 4792 357 4807 f-‘-

256 4877 286 4942 1)
307 4873 347 4929 De
361 4875 415 4929 hac
431 4873 568 4945 scriptura
582 4891 667 4946 quam
681 4870 773 4942 recepi
788 4870 823 4925 ci.
833 4868 1003 4926 Ritschelius
1013 4871 1100 4943 praei.
1111 4871 1202 4927 Trin.²
1212 4892 1237 4943 p.
1248 4872 1328 4931 LXII.
