2934 5048
631 354 834 415 1111118118
1240 359 1305 416 xm
1405 437 1410 447 ›

165 522 478 607 concinnitatemque
493 545 685 589 sermonum.
718 525 827 610 Atque
842 526 874 590 in
890 548 927 591 ea
942 525 1072 590 fabulae
1086 527 1179 608 parte
1193 546 1306 609 reapse

164 629 282 715 aliquid
309 629 465 696 excidisse
494 631 621 696 aliunde
649 632 864 716 cognoscitur.
914 630 999 698 Nam
1029 655 1102 698 cum
1135 632 1170 696 iu
1202 632 1308 717 glos·

163 736 262 801 sario
296 737 353 802 illo
381 736 578 822 Plautino,
610 738 700 802 cuius
733 739 908 804 identidem
941 740 1064 804 mentio
1097 740 1216 805 iniecta
1248 743 1306 824 est,

163 848 328 928 excerptae
351 866 368 909 e
392 844 553 910 Pseudolo
576 845 705 930 glossae
727 845 790 911 hoc
812 868 846 910 se
870 847 981 911 ordine
1004 847 1179 931 excipiant:
1207 848 1306 912 mani·

158 951 300 1036 palatim,
319 951 469 1035 alicunde,
488 951 625 1031 1811188,
645 954 779 1036 1811118νὶ,
797 954 957 1037 8811188181,
971 954 1178 1036 nitidiusceele,
1192 954 1305 1018 altr-in·

161 1077 254 1136 888118,
278 1063 487 1143 8811181188,
509 1060 629 1138 maida,
652 1066 809 1142 quaterno,
832 1081 955 1144 rursus,
977 1062 1122 1145 socuiler,
1145 1061 1306 1145 blcmliter,

161 1165 308 1247 afflicter:
332 1166 394 1231 etsi
412 1166 554 1253 reliquae
572 1189 666 1233 voces
685 1169 751 1232 suis
772 1190 916 1253 quaeque
935 1169 1015 1233 locis
1035 1170 1179 1249 exstant,
1197 1172 1306 1232 tamen

162 1271 243 1338 inter
265 1278 411 1355 quolumo
434 1273 520 1358 quod
543 1274 583 1339 ad
612 1297 640 1339 1.
667 1276 752 1340 1113
778 1278 917 1359 spectat,
945 1279 979 1340 et
1000 1277 1132 1341 8181ιὲ181
1154 1276 1306 1340 1118111181

162 1401 240 1464 quae
268 1380 423 1466 leguntur
450 1404 479 1445 v.
511 1382 608 1464 1290,
639 1402 773 1448 rursus
804 1383 884 1447 illud
912 1382 1007 1447 hodie
1034 1404 1192 1466 nusquam
1220 1403 1305 1446 com·

161 1484 298 1573 paret.*)
344 1486 418 1553 Huc
442 1488 546 1552 simile
570 1488 722 1570 quiddam
746 1491 870 1555 accedit
889 1490 987 1555 etiam
1006 1490 1111 1575 magis
1132 1489 1305 1574 singulare.

161 1592 196 1658 ln
220 1595 347 1660 duobus
372 1594 457 1659 enim
484 1596 646 1661 codicibus
670 1597 757 1661 111118
777 1597 939 1682 glossarii,
963 1597 1065 1662 altero
1090 1595 1307 1682 Scaligeran‘o,

162 1699 392 1767 Darmstadino
420 1703 536 1788 altero,
564 1710 639 1788 post-
665 1703 799 1785 afflicter
827 1704 912 1788 quod
941 1726 966 1767 e.
994 1726 1022 1768 v.
1053 1703 1138 1769 1295
1167 1704 1305 1788 petitum

161 1813 207 1872 881
225 1809 372 1892 sequitur
388 1810 512 1889 fanus.
550 1809 643 1886 Quod
662 1810 723 1874 etsi
742 1810 819 1893 quid
843 1832 913 1874 esse
932 1811 1036 1875 dicam
1056 1811 1175 1893 nescio,
1193 1814 1305 1874 tamen

161 1914 253 1978 fidem
281 1915 361 1980 facit
387 1916 483 2000 plura
509 1917 543 1981 in
571 1917 655 1981 male
678 1916 800 1981 habitis
824 1917 956 1982 canticis
979 1917 1059 2001 illis,
1089 1918 1123 1981 in
1147 1939 1228 2001 quae
1253 1916 1305 1980 de·

161 2022 235 2086 sinit
252 2020 379 2105 fabula,
396 2022 600 2088 intercidisse
618 2046 716 2109 quarn
734 2045 820 2089 nunc
839 2023 968 2109 assequi
986 2025 1170 2090 coniectura
1188 2020 1305 2087 liceat?

247 2128 395 2212 Denique
414 2129 519 2194 habeo
538 2152 594 2194 cur
614 2153 775 2214 moneam,
799 2132 834 2195 in
853 2131 1173 2216 orthographicis
1193 2151 1305 2214 quae-

161 2236 355 2301 stionibus
384 2258 424 2300 ne
454 2236 487 2301 in
510 2237 572 2302 hac
595 2238 723 2322 quidem
755 2238 866 2303 fabula
889 2259 940 2302 me
963 2238 1079 2303 maiori
1103 2236 1306 2302 constantiae

164 2361 294 2425 operam
319 2342 444 2407 dedisse
469 2365 564 2426 quam
584 2343 618 2407 in
632 2343 861 2409 Bacchidibus:
886 2367 949 2430 quo
968 2345 1125 2409 desiderio
1147 2344 1202 2428 qui
1218 2348 1305 2408 tene·

160 2450 211 2511 tur
233 2448 262 2512 ei
286 2448 321 2512 in
346 2449 487 2514 editione
511 2452 635 2515 minore
662 2473 759 2535 quam
781 2473 1012 2536 praeparamus
1037 2450 1208 2536 diligenter
1231 2472 1305 2515 con·

161 2555 289 2620 8118111.
345 2555 438 2622 Ν118
465 2558 653 2642 plerumque
688 2558 767 2622 satis
796 2558 909 2642 habui,
941 2582 960 2624 a
988 2559 1084 2622 certis
1112 2556 1304 2640 quibusdam

159 2661 252 2725 rebus
273 2663 301 2726 si
321 2662 520 2748 discesseris,
541 2665 677 2749 singulis
697 2663 776 2729 locis
796 2666 935 2730 rariores
954 2665 1110 2730 librorum
1130 2663 1304 2746 scripturas

159 2767 323 2852 exhibere,
351 2770 407 2834 sed
430 2774 467 2834 ut
489 2794 530 2834 18
555 2772 742 2836 usitatiores
767 2772 896 2856 quidem
920 2772 1127 2856 expellerem,
1152 2769 1207 2833 ubi
1231 2790 1304 2833 con·

158 2896 253 2939 sensu
278 2876 421 2941 codicum
448 2877 645 2943 fulcirentur.

247 2982 375 3064 1188181,
407 2989 444 3048 11
477 2984 593 3050 addam
626 3007 706 3069 quae
735 2985 809 3048 dum
838 2985 990 3068 plagulae
1021 2985 1239 3067 corriguntur,
1272 2986 1305 3045 et

157 3089 377 3155 Fridericus
411 3088 565 3155 Schoell
599 3096 631 3156 et
660 3091 826 3156 Oscarus
855 3090 1042 3176 Seyffert,
1075 3092 1129 3176 qui
1161 3112 1201 3153 ne
1230 3090 1304 3153 huic

156 3197 285 3278 quidem
317 3196 446 3261 fabulae
476 3198 652 3263 salutarem
682 3221 772 3263 suam
808 3221 938 3281 operam
972 3199 1190 3283 denegabant,
1224 3195 1303 3259 mihi

157 3304 444 3386 suppeditaverunt
466 3306 516 3369 vel
542 3327 623 3389 quae
647 3306 684 3368 de
709 3328 779 3370 meo
804 3305 928 3369 adicere
953 3307 1056 3369 visum
1082 3309 1139 3368 est.

246 3412 298 3474 82.
318 3410 541 3475 ‘abducturust
560 3435 601 3475 m.
616 3433 685 3476 cras
703 3448 740 3457 -
760 3434 839 3476 8188.
858 3410 917 3476 PS.
941 3410 1044 3474 Eheu'
1061 3409 1245 3494 Seyffertus.
1264 3447 1300 3455 -

159 3520 231 3581 151.
247 3517 384 3601 ‘Nempe
401 3554 440 3563 -
457 3519 504 3582 ita
522 3520 657 3583 animati
677 3520 753 3583 estis
774 3556 815 3565 —
836 3517 976 3583 uincitis'
992 3518 1064 3581 coll.
1080 3517 1175 3580 Poen.
1196 3540 1222 3580 v.
1239 3517 1303 3578 323

155 3624 251 3687 idem.
269 3661 306 3670 —
327 3626 398 3689 169.
414 3624 579 3709 ‘quidquid
594 3625 665 3689 erit'
681 3624 871 3691 Schoellius.
888 3662 925 3670 -
944 3624 1018 3687 201.
1033 3621 1241 3685 Ambrosiani
1256 3642 1303 3683 re·

159 3732 342 3795 censionem
359 3732 396 3794 ad
413 3737 538 3796 staurus
553 3738 698 3817 spectare
713 3734 840 3796 monuit
855 3730 1041 3813 Seyffertus.
1061 3765 1103 3774 -
1124 3729 1197 3792 205.
1217 3725 1304 3791 Num

159 3843 246 3901 recte
270 3837 521 3903 Ambrosianum
550 3844 679 3904 8881118
704 3841 779 3919 sim,
807 3860 891 3902 nunc
914 3837 983 3921 ipse
1007 3836 1133 3899 dubito:
1161 3835 1304 3918 reliquos

158 3946 261 4008 libros
292 3946 346 4028 qui
375 3947 463 4029 sequi
492 3947 605 4025 malet,
637 3948 744 4011 locum
773 3947 818 4010 sic
845 3945 966 4026 poterit
993 3942 1208 4007 conformare:
1243 3939 1304 4003 Sed

158 4051 296 4116 nimium
321 4055 455 4136 stultus,
479 4052 573 4117 nimis
597 4054 643 4117 fui
665 4054 676 4136 11
698 4053 863 4117 lnddctus:
888 4051 978 4115 illine
1003 4049 1143 4114 audeant
1164 4048 1175 4128 ΙΙ
1196 4046 1233 4109 11
1258 4047 1304 4108 11-

157 4182 243 4242 8818,
262 4160 378 4243 quibus
397 4164 434 4225 11
449 4161 592 4225 seruiant
609 4161 619 4243 ΙΙ
638 4159 720 4224 Suos
736 4162 826 4224 rimor
841 4156 951 4242 cogit?
968 4157 979 4238 ΙΙ
997 4156 1081 4238 Vah,
1096 4153 1178 4219 trice'
1194 4176 1220 4216 e.
1236 4177 1264 4236 q.
1280 4174 1303 4213 s.

229 4417 255 4481 *l
285 4415 326 4469 Cf·
347 4415 452 4484 'Opusa
476 4414 545 4484 phil.
570 4416 624 4469 vol.
644 4415 669 4468 ll
694 4421 805 4483 11219,
835 4414 882 4468 ubi
906 4412 940 4464 de
963 4411 1082 4464 traiectu
1111 4426 1160 4477 por
1184 4422 1303 4460 errorem

159 4511 225 4549 voce
245 4495 322 4549 idem
340 4495 447 4562 cogitat
465 4496 501 4563 (v.
521 4500 592 4565 871).
