2932 5452
186 721 241 789 11,
255 728 360 776 ιιι-41
619 720 890 776 TRVOVLENTVS
1199 783 1201 788 ,
1288 721 1327 782 11

185 885 380 969 Priusquam
405 887 504 947 dnum
528 882 666 968 dederis,
690 886 817 948 eentum
842 907 924 968 quae
947 886 1063 969 poscat
1084 887 1191 968 parat:
1303 905 1329 945 m

184 992 253 1057 nul
274 996 386 1056 aurum
411 990 509 1073 periit
533 993 591 1054 aut
614 991 811 1056 conscissast
832 972 956 1075 pallula

185 1100 253 1164 Aut
275 1100 383 1181 empta
406 1097 523 1162 ancilla
547 1101 604 1162 aut
628 1097 759 1181 aliquod
783 1120 896 1162 uasum
919 1101 1108 1182 argenteum

185 1205 391 1277 natussum
415 1203 554 1269 ahenum
577 1205 706 1288 raptum
731 1209 788 1268 aut
811 1205 935 1288 cleptus
959 1205 1095 1269 lectulus
1355 1289 1360 1297 ι

184 1312 254 1376 Aut
276 1311 451 1380 armariola
474 1309 598 1391 Graeca
621 1313 679 1374 aut
705 1346 741 1354 -
769 1309 891 1394 aliquid
916 1313 1044 1396 semper
1066 1314 1131 1395 est,
1291 1329 1325 1376 55

184 1418 278 1494 Quod
302 1417 426 1482 deierat
449 1418 609 1502 deditque
634 1439 746 1482 amans
771 1420 878 1482 scort6
902 1440 969 1483 suo.
1299 1440 1326 1480 as

182 1525 294 1609 Atque
317 1524 395 1589 haec
418 1525 561 1590 celamus
585 1523 667 1588 clam
691 1523 796 1587 6mnis
821 1546 947 1588 summa
969 1523 1144 1610 industria,

183 1630 289 1707 Quom
313 1632 380 1695 rem
404 1630 561 1714 fidemque
585 1632 708 1713 nosque
732 1634 861 1694 nosmet
883 1628 1061 1715 perdimus:

182 1735 316 1821 Nequi
336 1738 479 1822 parentis
501 1742 565 1802 neri
589 1737 722 1823 cognati
746 1738 903 1815 sentiant,
1291 1758 1324 1804 ss

166 1843 248 1920 ‚Qui
272 1845 403 1910 ndstrae
427 1845 526 1909 aetati
550 1844 798 1928 intempestiuae
822 1845 1010 1930 temperint3
1255 1914 1269 1941 0
1299 1871 1350 1909 u.

256 2008 298 2058 52.
320 2002 476 2073 Porphyrio
495 2004 533 2057 aei
551 2002 668 2056 Horatii
686 2003 761 2070 epist.
783 2002 805 2054 I
809 2045 816 2070 ,
834 2007 884 2068 17,
903 2007 952 2057 55:
975 2004 1043 2075 nota
1066 2005 1152 2059 refert
1163 2003 1325 2058 'meretricis

183 2079 326 2153 acumina]
354 2081 400 2137 hic
430 2082 508 2136 locus
531 2080 566 2136 de
584 2080 753 2136 Truculento
777 2084 821 2135 est
838 2079 931 2135 Plauti
955 2081 1063 2151 fabula,
1091 2083 1140 2138 ubi
1163 2084 1328 2138 adulescens

182 2159 255 2216 dicit
274 2161 351 2215 ‘aut'
367 2160 459 2231 perit
478 2205 483 2216 .
500 2205 505 2215 .
521 2203 528 2215 .
547 2161 694 2230 pallula'
716 2163 745 2215 et
764 2162 858 2214 cetera
945 2163 1091 2218 scholiasta
1111 2163 1288 2232 Gruquianus
1307 2165 1324 2218 l.

179 2256 206 2299 a,
222 2256 244 2294 s.
267 2244 305 2309 (p.
322 2244 404 2307 572):
430 2241 571 2312 acumina]
596 2240 714 2295 astutias
738 2243 767 2293 et
789 2240 966 2295 meretricum
990 2241 1203 2312 impudentiam.
1241 2242 1324 2297 sicia

180 2319 274 2374 Plaut.
293 2319 323 2372 in
341 2319 510 2375 Truculento
536 2320 610 2374 ‘ant
628 2319 720 2389 petit
739 2362 744 2374 .
760 2364 766 2376 .
783 2362 788 2374 .
806 2360 812 2373 .
832 2323 1047 2391 argenteum’
1067 2324 1114 2379 &a
1174 2320 1177 2328 ’

180 2488 224 2544 ita
257 2493 286 2545 et
314 2489 367 2558 (ita
392 2491 415 2544 ta
439 2490 476 2542 D.
519 2490 596 2543 Iteca
621 2487 659 2551 Β)
688 2486 717 2540 in
744 2487 859 2542 aedibus
883 2490 967 2563 (edib3
986 2492 1029 2560 1))
1058 2490 1161 2546 lenosis
1191 2492 1326 2561 (lenoniis

180 2568 276 2637 LZ),
301 2569 373 2623 unde
402 2567 443 2622 ita
472 2571 516 2622 est
545 2565 696 2635 disciplina
726 2566 916 2635 Camerarius,
946 2571 1014 2625 itast
1043 2571 1135 2625 antica
1164 2571 1325 2640 Spenpelias

179 2667 244 2704 cum
258 2649 373 2714 Briaio,
392 2635 443 2703 itit
461 2649 520 2702 alia
539 2649 576 2701 ad
594 2662 700 2700 uersum
716 2661 874 2716 semumque
892 2651 1055 2718 capiendam
1074 2651 1252 2704 coniecerunt.
1279 2651 1325 2704 sed

179 2732 453 2797 interpretamentum
470 2745 524 2782 esse
538 2727 579 2780 ita
592 2731 634 2780 cst
652 2725 811 2780 insedibus
830 2726 939 2782 lenonis
958 2746 987 2784 eo
1005 2732 1107 2785 rectius
1125 2731 1249 2784 indicavi
1267 2731 1284 2784 l.
1303 2745 1325 2783 s.

178 2826 200 2865 s.
217 2827 249 2878 p.
265 2815 315 2874 59,
337 2809 404 2877 quia
419 2808 536 2861 ‘tenonis
559 2807 645 2859 aedis’
662 2821 807 2874 perperam
830 2807 1003 2863 Diniarchas
1026 2811 1156 2876 inferret:
1181 2810 1215 2875 cs.
1240 2810 1277 2862 ad
1299 2825 1323 2864 u.

178 2895 242 2946 224
256 2906 311 2959 sqq.
367 2895 409 2944 51.
429 2887 540 2954 centuq3
559 2886 594 2938 B.
615 2891 727 2938 eentum
742 2902 796 2951 que
806 2886 831 2937 L
888 2893 930 2944 52.
941 2905 1038 2942 aurum
1049 2889 1133 2958 periit
1144 2888 1324 2942 Camerarius.

179 2968 257 3038 perit
274 2968 357 3038 (petit
375 2967 432 3021 LZ
454 2963 724 3032 susisaniana.)
758 2980 854 3018 aurum
874 2969 940 3021 libri
1029 2970 1078 3022 aut
1096 2967 1235 3022 conscissa
1255 2968 1324 3020 Por·

172 3050 288 3120 phyris.
322 3048 396 3116 quod
415 3044 554 3102 conscissa
577 3045 602 3096 L
626 3059 686 3096 eam
709 3044 790 3098 saiwi.
814 3046 895 3115 Cruq.
929 3047 1069 3104 conscissa
1091 3048 1161 3104 BD.
1201 3045 1326 3101 concissa

180 3129 218 3196 0,
239 3127 400 3197 Spenpelias
473 3128 515 3180 est
534 3123 642 3193 pallula
661 3123 823 3191 Porphyris.
856 3126 963 3194 pallula
989 3130 1032 3181 est
1049 3128 1125 3189 BL,
1142 3128 1222 3183 schol.
1243 3129 1324 3194 Oruq.

179 3210 336 3265 Pallulaesl
356 3208 411 3263 01)
479 3213 520 3261 53.
542 3206 598 3258 Aut
616 3207 724 3273 tempta
742 3205 769 3256 B
841 3205 956 3274 aliquod
975 3224 1008 3260 aa
1022 3209 1130 3276 aliquot
1150 3209 1184 3262 D.
1218 3205 1325 3274 aliquid

178 3291 207 3344 L
281 3294 323 3342 54.
342 3304 443 3341 aenum
464 3285 526 3340 ΟΒ.
560 3302 677 3339 aeneum
696 3286 754 3338 LZ
855 3289 966 3355 raptum
984 3287 1016 3341 δ
1036 3290 1052 3342 i.
1072 3306 1092 3344 s.
1111 3306 1133 3343 s.
1148 3307 1177 3357 p.
1197 3293 1241 3343 31.
1274 3285 1325 3341 ali-

178 3369 257 3438 quod
277 3367 405 3422 BODZ.
439 3366 545 3435 aliquid
569 3366 602 3419 L.
631 3364 776 3435 antiquom
794 3365 975 3421 Buechelerus
1038 3367 1152 3438 aliquod
1168 3388 1191 3422 u.
1207 3385 1231 3424 a.
1248 3369 1324 3422 Guel—
1345 3357 1358 3417 i

179 3451 256 3503 teras
315 3447 423 3516 cleptus
442 3446 562 3500 lectulus
587 3444 618 3500 S
642 3446 658 3497 l.
682 3462 703 3498 s.
727 3462 747 3499 s.
781 3445 886 3501 eleotus
919 3449 1032 3519 laptiles
1056 3449 1091 3504 B.
1128 3450 1219 3503 lectus
1243 3447 1324 3517 lapti-

179 3529 224 3583 les
254 3526 318 3581 01).
366 3527 454 3580 lectus
482 3524 598 3594 dapsilis
625 3524 695 3591 LZ,
728 3527 800 3593 quod
827 3527 1014 3598 Xiesslinaias
1040 3531 1172 3599 refutauit
1200 3547 1268 3584 cens,
1293 3546 1323 3597 p.

179 3640 252 3690 620.
280 3633 384 3688 electus
404 3633 477 3701 lapis
495 3633 675 3686 Buechelerns
730 3637 771 3686 55.
791 3636 840 3685 aut
859 3633 883 3687 Ο
899 3650 960 3687 cunr
977 3639 1067 3704 spatio
1122 3640 1171 3690 aut
1189 3614 1325 3691 a'mariola

179 3716 211 3770 D
303 3732 386 3785 greca
404 3716 445 3770 uel
464 3714 554 3769 Greea
572 3713 638 3767 libri
730 3713 773 3764 est
791 3728 841 3767 om.
861 3714 939 3780 libri,
959 3716 1022 3769 add.
1044 3715 1218 3771 Camerarius

179 3802 225 3851 56.
251 3794 359 3850 deferat
382 3795 521 3863 dedatque
545 3792 577 3848 S
600 3795 618 3848 t.
641 3808 662 3847 s.
685 3808 706 3846 s.
739 3791 820 3858 petra
846 3792 1002 3860 debeatque
1022 3795 1120 3849 1301).
1156 3797 1253 3863 pereat
1276 3796 1324 3848 de-

179 3875 251 3930 beat
273 3875 368 3943 (debet
386 3875 423 3945 Z)
446 3874 510 3929 LZ.
544 3875 657 3943 expetat
680 3872 810 3937 ematque
830 3870 1014 3940 Kiesslinpius
1040 3875 1056 3927 l.
1076 3890 1097 3928 s.
1116 3892 1137 3928 s.
1157 3874 1223 3927 dara
1246 3873 1324 3926 dehi-

179 3956 251 4011 beat
277 3971 363 4023 usque
391 3960 425 4022 (t)
449 3956 577 4026 Baapias
604 3956 621 4008 l.
641 3970 661 4008 s.
685 3969 706 4007 s.
726 3968 756 4019 p.
780 3953 844 4003 452.
879 3953 1003 4019 praestet
1025 3952 1182 4021 debeatque
1205 3952 1324 4005 Bueche-

179 4037 257 4089 lerus
359 4039 451 4089 scorta
471 4035 505 4089 0¹
604 4039 646 4088 tt.
671 4032 740 4086 haee
764 4029 830 4098 (hec
849 4029 885 4098 L)
908 4031 1031 4086 celamus
1055 4032 1122 4087 DL.
1160 4033 1229 4086 haee
1253 4030 1325 4104 cela-

180 4134 246 4170 mus
271 4115 331 4170 ΟΖ.
363 4115 539 4170 hcceelumus
561 4116 588 4169 B
714 4111 786 4166 clam
810 4111 899 4165 omnis
921 4129 1030 4166 summa
1047 4112 1080 4168 Β
1103 4114 1120 4168 l.
1143 4128 1164 4167 a.
1187 4130 1208 4166 a.
1227 4128 1258 4181 p.
1279 4116 1323 4166 60.

182 4193 307 4249 clamina
320 4195 357 4251 D.
385 4212 436 4250 nos
460 4195 610 4250 clammina
631 4194 690 4249 BC
710 4196 771 4262 (nos
794 4211 827 4250 ex
850 4212 873 4249 v.
896 4197 952 4264 58).
980 4210 1030 4249 nos
1050 4194 1159 4248 Damna
1176 4193 1240 4247 LZ.
1272 4210 1324 4246 nos

181 4276 288 4330 damna
320 4293 377 4329 una
405 4275 587 4329 Camerarius.
632 4290 682 4327 nos
714 4272 785 4327 clam
814 4275 885 4330 mira
919 4276 974 4343 (oei
1005 4277 1129 4341 summa)
1160 4272 1322 4327 Gronovius.

180 4355 288 4408 damna
307 4373 357 4409 nos
380 4356 505 4410 Bothius.
538 4357 635 4408 nostra
653 4353 755 4408 damna
773 4353 933 4425 Spenpeiius
992 4359 1033 4408 58.
1058 4352 1118 4418 Quo
1140 4353 1177 4407 Β.
1192 4350 1323 4420 quoniam

183 4435 212 4490 0.
243 4434 348 4501 quonia
365 4435 402 4490 D.
436 4453 499 4490 cum
518 4434 574 4488 iam
593 4433 656 4487 LZ.
691 4434 752 4498 Qus
769 4433 897 4504 Berytus
912 4435 1011 4489 Pla'lol.
1027 4439 1044 4488 t.
1062 4433 1179 4487 XXXI
1189 4436 1225 4498 (a.
1236 4435 1325 4499 1872)

180 4535 208 4586 p.
228 4521 289 4572 259
379 4523 420 4571 59.
441 4516 549 4584 Nequi
568 4515 696 4584 Bquius
715 4514 849 4570 ‘Yidssln
868 4516 889 4582 f.
906 4516 1005 4570 Philet.
1021 4531 1055 4584 oq
1071 4514 1204 4584 Pardua?
1220 4519 1238 4567 t.
1259 4512 1327 4566 VII

182 4601 220 4665 (a.
241 4600 330 4663 1866)
344 4614 373 4665 p.
394 4603 438 4652 30.
472 4597 543 4665 Neq;
562 4596 598 4651 B.
631 4610 695 4662 neq²
719 4593 784 4648 OD.
799 4595 959 4663 nequeLZ.
975 4593 1016 4648 Ne
1025 4594 1092 4666 quid
1102 4594 1276 4650 Camerarius

182 4691 237 4729 neu
247 4675 284 4729 Β.
299 4691 388 4743 neque
400 4679 475 4745 (nem
488 4675 552 4745 OD)
562 4677 642 4730 ceteri
679 4673 806 4742 cognatis
816 4674 843 4726 B
880 4682 921 4730 60.
931 4680 964 4728 61
975 4676 1080 4731 inverso
1091 4676 1187 4730 ordine
1191 4675 1324 4745 praebent

182 4756 263 4821 libri,
283 4757 354 4826 quod
373 4758 481 4811 correxi
498 4758 515 4813 i.
534 4773 555 4812 s.
573 4774 594 4810 a.
651 4763 691 4809 60.
712 4757 803 4810 nostre
818 4755 923 4809 etatiB
982 4754 1196 4825 intempestiuas
1207 4757 1325 4827 Spenpe·

182 4837 239 4900 tius
258 4838 291 4891 in
309 4838 402 4901 adnot.
422 4836 698 4907 tempestiuoBCD.
717 4834 884 4905 tempestiue
903 4837 960 4890 LZ
1035 4837 1194 4907 temperent
1210 4837 1324 4891 saraa-
1405 4903 1409 4913 Ι
