2934 5048
576 332 779 387 pneumam
1215 355 1249 400 ,x

102 499 275 566 codicem
298 499 468 562 veterem
486 496 603 561 iterum
622 495 762 560 contulit
784 493 898 581 Hugo
917 495 1058 579 Hinck,
1081 495 1249 561 codicem

104 606 358 673 Ursiniauum
391 603 590 689 Augustus
620 601 716 668 Mau.
769 601 925 668 Codicis
959 601 1185 687 Lipsiensis
1218 608 1251 669 et

104 712 298 779 editionis
327 710 523 795 principis
552 710 729 792 scripturas
762 732 799 773 ex
834 709 1046 774 Ritschelii
1079 709 1250 776 editione

105 820 196 906 petii.
242 817 388 903 Denique
411 839 542 902 moneo,
565 838 616 881 me
640 817 675 881 in
699 816 894 882 recensenda
912 817 1025 882 fabula
1043 816 1178 881 eandem
1202 840 1251 881 ra·

105 927 230 993 tionem
256 926 439 1010 ingressum
465 945 536 989 esse
562 946 659 1009 quam
682 924 716 987 in
740 922 920 989 Mercatore
944 922 1031 987 edita
1053 924 1252 1008 improbavit

106 1033 294 1118 Ussingius:
317 1031 542 1097 Ritscheliana
560 1035 742 1096 commenta
765 1031 893 1096 lubenti
917 1031 1024 1096 animo
1047 1031 1173 1114 retinui,
1197 1032 1252 1095 ubi

109 1140 278 1204 retinenda
297 1160 367 1203 esse
390 1137 471 1201 mihi
488 1138 647 1221 persuasi,
671 1138 794 1201 mutavi
818 1160 899 1221 quae
924 1138 1136 1202 mutationem
1159 1137 1252 1223 flagi-

106 1251 177 1311 tare
196 1247 267 1310 sisa
285 1247 370 1328 suut,
393 1242 434 1309 ad
451 1243 598 1309 codicum
613 1243 807 1328 scripturam
826 1244 912 1309 baud
931 1266 1005 1309 raro
1024 1243 1121 1328 redii,
1144 1243 1252 1308 addidi

106 1374 188 1437 quae
203 1352 250 1416 'ab
274 1351 347 1416 aliis
366 1350 494 1434 prolata
518 1371 587 1415 esse
612 1350 691 1415 vidi:
724 1373 788 1436 qua
811 1351 845 1415 in
868 1374 903 1416 re
928 1352 955 1415 si
975 1373 1056 1436 quae
1080 1373 1146 1415 non
1166 1355 1251 1414 recte

110 1458 229 1540 fecero,
252 1478 319 1522 non
341 1455 477 1521 deerunt
499 1457 555 1541 qui
579 1460 746 1522 moneant:
771 1458 798 1521 si
827 1479 909 1542 cquae
933 1458 1041 1542 omisi,
1063 1458 1177 1522 leniter
1201 1480 1252 1521 me

105 1568 258 1648 carpant.
285 1584 376 1648 spem
400 1563 486 1627 euim
504 1584 556 1628 me
574 1564 685 1628 omnia
707 1565 758 1628 vel
778 1564 948 1648 collegisse
972 1566 1022 1629 vel
1046 1587 1141 1649 posse
1166 1565 1253 1629 colli-

105 1692 183 1778 gere
201 1670 372 1755 paullatim
395 1670 577 1736 abicereet
596 1670 671 1736 doct
656 1673 709 1735 tus
733 1674 860 1735 sumet
846 1671 983 1737 tdidici.
1020 1671 1125 1736 Multa
1106 1675 1253 1736 atamen

104 1800 158 1842 me
182 1777 331 1842 omisisse
354 1777 408 1841 six
432 1775 535 1842 credo.

195 1885 247 1950 Ex
270 1885 336 1949 Rit
342 1884 481 1950 schelii
505 1884 641 1968 praela
646 1884 756 1950 tione
780 1885 953 1970 repetenda
978 1908 1048 1950 esse
1067 1886 1142 1949 duxi
1161 1886 1256 1952 haec:

195 1990 369 2075 „Ceterum
392 1990 515 2077 insigni
538 1991 618 2056 haec
641 1992 713 2076 ipsa
735 1991 848 2058 fabula
871 1994 1063 2059 documento
1088 1997 1150 2074 est,
1175 1998 1254 2076 quot

104 2105 314 2186 quantasque
333 2098 503 2163 Plautinae
523 2099 707 2165 comoediae
727 2101 839 2165 turbas
859 2123 932 2165 cnm
951 2105 1027 2185 post
1045 2100 1254 2165 Ambrosiani

103 2206 229 2273 codicis
253 2209 392 2271 aetatem
415 2209 484 2272 tum
504 2209 580 2271 aute
603 2207 695 2272 illam
715 2208 782 2272 sint
801 2212 963 2292 expertae:
981 2208 1077 2273 cuius
1097 2208 1142 2272 rei
1161 2211 1254 2271 nota-

102 2315 226 2380 biliora
250 2314 396 2398 exempla
413 2335 516 2397 nuper
535 2314 664 2379 demum
683 2314 880 2380 Bacchidum
904 2311 1088 2399 διόρθωσις
1105 2313 1256 2398 praebuit

104 2445 133 2487 v.
153 2422 219 2486 377
245 2442 292 2505 sq.
315 2419 380 2489 393
399 2441 468 2505 sqq.
516 2418 607 2485 Nihil
631 2443 717 2487 nunc
741 2421 844 2486 dicam
869 2421 908 2486 de
932 2421 1095 2486 lacunis:
1119 2442 1254 2505 quarum

103 2529 138 2592 in
174 2524 286 2592 Sticho
318 2525 491 2591 multitudo
527 2549 565 2591 ex
597 2528 669 2612 ipso
703 2527 920 2593 Ambrosiano
954 2528 1126 2614 conspicua
1158 2527 1255 2590 fidem

104 2634 215 2699 facere
242 2633 379 2717 poterit,
411 2654 477 2698 uon
506 2634 574 2699 sine
603 2635 728 2699 ratione
757 2635 791 2698 in
822 2634 894 2699 aliis
912 2586 1093 2699 fbulist
1061 2633 1161 2697 etiam
1184 2633 1254 2696 sinc

106 2740 370 2806 testimoniorum
394 2739 534 2823 pondere
559 2740 597 2805 de
621 2741 810 2807 lacunarum
834 2742 885 2806 vel
909 2741 1067 2825 frequent
1059 2763 1090 2804 ra
1044 2741 1164 2805 tvel
1189 2763 1254 2804 am·

106 2846 268 2931 plitudr'ue
306 2846 525 2911 coniecturam
562 2848 642 2913 fieri.
701 2846 797 2913 Mitto
836 2848 915 2912 alias
954 2848 1004 2912 vel
1042 2846 1254 2930 interpola·
1302 2920 1309 2935 ,

108 2955 237 3019 tiones
266 2954 317 3018 vel
345 2954 691 3038 transpositiones,
719 2977 804 3019 nnnc
832 2955 961 3020 demum
990 2955 1078 3020 clara
1107 2958 1255 3036 certaque

107 3060 247 3143 nt'pnto
271 3061 307 3124 in
331 3061 400 3128 luce
424 3061 562 3144 positas,
595 3063 628 3125 in
656 3061 843 3158 duobusque
873 3063 1015 3128 subsisto
1040 3062 1255 3146 perveteris

10 3224 12 3243 ,
111 3164 405 3244 διασκευάσεως
433 3170 587 3252 exemplis
617 3168 833 3253 designandis.
885 3170 1027 3245 Quorum
1055 3170 1193 3233 alterum
1221 3169 1256 3231 iu

112 3275 217 3339 decem
246 3274 314 3338 illis
344 3276 489 3340 versibus
517 3275 648 3339 48-57
679 3276 834 3360 cernitur,
865 3277 920 3361 qui
947 3298 1006 3341 nec
1035 3300 1054 3341 a
1084 3276 1256 3340 verborum

115 3380 408 3464 sententiarumque
429 3383 585 3446 tenuitate
605 3383 704 3445 ullam
724 3383 1038 3448 commendationem
1056 3383 1180 3447 habent
1197 3404 1256 3445 nec

118 3507 185 3550 cum
207 3487 355 3570 proxima
379 3509 475 3551 scena
499 3492 574 3571 apte
605 3494 722 3552 coenant
750 3494 783 3553 et
806 3511 871 3553 non
895 3490 1002 3553 minus
1027 3496 1099 3572 post
1123 3509 1178 3583 eos
1202 3487 1256 3569 qui

123 3594 308 3674 praecedunt
336 3616 483 3657 sororum
516 3617 697 3680 sermones,
729 3619 826 3680 qnam
855 3600 930 3660 ante
958 3617 1012 3659 eos
1041 3594 1096 3677 qui
1120 3615 1139 3655 a
1162 3615 1189 3656 v.
1214 3593 1256 3655 68

127 3704 304 3783 sequuntur,
336 3723 469 3783 prorsus
502 3704 730 3785 supervacanei
765 3708 848 3767 sunt.
906 3702 976 3766 Hos
1007 3700 1107 3785 igitur
1137 3720 1258 3782 versus,

129 3804 290 3890 inquibus
320 3808 385 3870 iam
414 3806 578 3892 Scaligqro
607 3810 779 3874 offensioni
810 3811 873 3872 fnit
901 3808 983 3872 mira
1006 3808 1143 3889 pne-cuilet
1168 3805 1257 3869 verbi

132 3914 324 3995 constructi0,
348 3914 485 3979 omissos
510 3915 637 3999 quidem
662 3917 733 3980 illos
758 3918 791 3979 in
816 3916 1031 3980 Ambrosiano
1056 3914 1173 3995 codice,
1196 3931 1256 3995 ego

135 4016 240 4083 relictos
273 4042 344 4085 esse
373 4042 389 4083 e
422 4021 480 4085 tali
509 4023 693 4087 recensione
721 4023 815 4086 huius
845 4023 974 4086 fabulae
1008 4021 1161 4105 comicie,
1194 4043 1257 4104 qna

137 4140 216 4190 norae
247 4127 368 4191 actioni
401 4128 546 4193 scenicae
585 4129 751 4213 aliquanto
786 4135 860 4213 post
897 4130 1080 4193 Plautinam
1117 4132 1257 4193 aetatem

140 4234 344 4297 consuleretur.
382 4233 453 4310 Quo
473 4236 607 4300 consilio
628 4238 778 4300 credibile
799 4243 848 4300 cst
866 4237 899 4301 in
919 4238 988 4301 eius
1007 4236 1122 4301 cantici
1144 4236 1259 4319 locum,

141 4352 218 4420 aquo
236 4339 388 4405 Plautina
406 4341 517 4404 sabula
536 4342 704 4424 ordiretur,
724 4343 870 4407 iambicis
890 4343 1026 4408 senariis
1045 4344 1258 4426 perscriptam

144 4456 246 4510 scenam
274 4447 487 4512 substitutam
516 4470 598 4531 esse,
633 4454 669 4513 ut
702 4450 787 4533 quod
821 4472 922 4535 genus
951 4472 1157 4514 numerorum
1186 4449 1258 4532 plus
