2932 5452
559 757 765 812 PRAEFATIO
1143 757 1232 812 XXIX

145 936 201 1003 Or.
225 936 309 1018 Qua
329 938 448 1022 igitar?
471 938 574 1002 mirone
595 937 693 1018 fidum
715 937 813 1000 medis
835 957 883 1000 ure
904 956 941 1000 uc
956 936 1113 1018 metune?
1170 910 1173 915 ¹

136 1050 339 1170 Ora-Credo,
362 1052 472 1117 omnia
486 1052 594 1117 ‚istam
616 1052 713 1116 siita
736 1053 814 1117 sunt
836 1056 873 1115 ut
894 1051 1070 1135 praedicas.

176 1193 222 1259 Et
234 1195 275 1259 de
288 1197 481 1280 argumento
496 1192 624 1278 quidem
642 1193 792 1258 universo
810 1193 906 1258 huius
925 1192 1141 1277 supplementi
1159 1215 1233 1258 curn

86 1330 156 1375 non
178 1309 322 1375 dubitem
345 1309 424 1394 quin
447 1309 526 1374 satis
548 1311 634 1373 recte
657 1306 857 1392 coniecerim,
879 1313 989 1373 tamen
1011 1329 1098 1373 nunc
1120 1329 1233 1374 vereor

87 1446 130 1490 ne
152 1423 188 1489 iu
215 1425 352 1510 singulis
380 1424 583 1489 sermonibus
606 1423 837 1508 componendis
860 1424 946 1488 iusto
973 1423 1137 1488 liberalius
1161 1443 1233 1509 ege·

85 1540 158 1604 rim.
185 1538 273 1616 Quos
299 1561 358 1604 cur
383 1560 470 1604 nunc
498 1539 533 1602 in
559 1538 726 1623 aliquanto
753 1538 931 1604 breviorem
960 1539 1116 1603 ambitum
1145 1560 1232 1603 coar·

87 1654 206 1719 tandos
227 1654 328 1719 fuisse
351 1656 500 1740 sentiam,
522 1675 637 1719 caussa
658 1654 739 1718 haec
762 1658 820 1738 est,
839 1655 924 1738 quod
947 1655 1003 1719 illo
1027 1675 1066 1719 er
1088 1657 1233 1738 tempore

88 1769 226 1835 duarum
252 1772 418 1855 praeterea
444 1770 633 1834 lacunarum
661 1769 752 1833 sedes
783 1769 997 1855 investigatae
1030 1773 1119 1852 sunt,
1152 1785 1234 1854 quae

88 1907 148 1951 sna
170 1885 232 1950 sibi
255 1887 481 1970 supplementa
502 1887 650 1970 poscunt.
673 1884 795 1949 Earum
813 1885 948 1949 alteram
967 1884 1234 1969 deprehendimus

88 2022 118 2065 r.
143 2000 229 2066 1182
252 2021 312 2084 sq.:
339 2001 395 2065 ubi
418 2000 495 2085 quid
523 2021 592 2064 esse
620 1999 764 2064 dicamus
787 1999 872 2083 quod
896 1999 1112 2066 Lesbonicum
1134 1998 1233 2066 Char-

89 2116 191 2181 mides
218 2115 270 2180 his
297 2114 403 2180 verbis
429 2114 628 2199 adloquitur:
660 2116 690 2179 si
716 2120 750 2179 ta
775 2116 864 2179 modo
889 2117 978 2198 frupi
999 2118 1140 2193 essenis,
1162 2116 1235 2180 hoec
1356 2176 1365 2190 ,

89 2231 145 2296 riti
164 2235 290 2315 pactrrst
310 2229 476 2296 &caetu
502 2231 573 2313 tilia
595 2230 661 2294 -l
684 2230 783 2306 Quasi
806 2251 881 2295 vero
904 2231 969 2295 tale
993 2232 1234 2297 matrimonium

88 2368 149 2431 pro
171 2346 315 2431 praemio
337 2345 467 2410 virtutis
495 2368 514 2410 a
537 2345 709 2412 Charmide
736 2345 895 2433 habeatur
922 2347 972 2410 vel
995 2369 1055 2431 pro
1077 2347 1233 2413 beneficio

89 2462 130 2528 ab
153 2462 225 2547 ipso
248 2461 440 2526 Lesbonico!
470 2461 525 2545 qui
548 2461 625 2546 quid
648 2462 687 2526 de
710 2462 766 2527 illo
791 2461 933 2526 sentiant
955 2462 1045 2526 iuxta
1068 2484 1141 2528 cum
1164 2461 1234 2528 Oal-

89 2578 175 2661 licle‚
198 2578 276 2642 satis
300 2599 338 2641 ex
361 2577 407 2641 eis
431 2577 486 2660 qui
509 2577 749 2660 subsequuntur
772 2562 974 2642 sermonibus
997 2582 1096 2663 patet,
1118 2578 1234 2662 quibus

89 2698 123 2758 et
144 2693 230 2758 hano
253 2693 335 2758 etsi
359 2715 456 2776 quam
479 2693 576 2757 aliam
599 2696 691 2776 prater
713 2693 842 2757 iusserit
865 2715 898 2756 se
922 2693 1093 2758 ducturum
1116 2693 1235 2759 Lesbo·

88 2809 181 2874 uicus
205 2808 384 2893 profitetur,
402 2830 501 2874 uuam
525 2812 633 2873 autem
656 2810 814 2872 rrrvvrserr'um
836 2809 893 2873 uni
916 2807 1040 2901 bomini
1064 2810 1142 2872 satis
1166 2830 1235 2873 esse

89 2923 280 2990 Charmides
304 2924 363 3007 ait,
385 2930 486 3009 negat
507 2923 663 2989 Callicles
686 2923 776 3008 Ergo
800 2927 833 2987 et
855 2945 994 3008 poenam
1017 2924 1101 3009 exigi
1125 2945 1234 3009 pecca·

88 3045 197 3106 torum
221 3044 313 3125 pater
327 3040 430 3106 voluit
453 3043 486 3103 et
508 3039 638 3104 caelibis
663 3039 876 3104 adulescentis
894 3040 1178 3123 intemperantiam
1201 3041 1235 3105 in

88 3160 257 3242 posterum
284 3155 397 3220 caveri.
424 3155 634 3220 Peccatorum
662 3158 769 3218 autern
797 3155 925 3219 illorum
954 3177 1026 3218 cum
1053 3177 1094 3221 ne
1121 3178 1179 3239 per
1202 3178 1236 3221 sc

88 3272 219 3356 quidem
239 3274 491 3336 consentaneum
511 3271 553 3335 sit
572 3294 590 3334 a
609 3274 700 3355 patre
719 3292 806 3334 nunc
824 3271 929 3354 ipsum
948 3271 1101 3335 redeunte
1120 3270 1234 3335 filium-

88 3411 153 3473 que
176 3389 315 3473 primum
339 3387 440 3452 oculis
464 3387 681 3471 conspiciente
705 3387 795 3450 nullo
814 3387 912 3451 verbo
936 3387 1133 3452 mentionem
1156 3387 1237 3470 ficri,

87 3504 143 3568 vix
165 3503 235 3567 falli
258 3501 437 3566 ridebimur
460 3503 486 3566 si
514 3503 548 3565 in
572 3503 669 3566 talem
692 3502 759 3566 iere
783 3503 976 3566 sententiam
999 3503 1143 3567 locutum
1166 3524 1235 3566 esse

87 3617 296 3683 Charmidem
319 3618 561 3682 coniecerimus:

624 3733 650 3797 si
674 3737 710 3798 tu
734 3733 829 3798 modo
852 3734 939 3819 frugi
964 3757 1033 3798 esse
1057 3736 1120 3819 uis,

224 3849 432 3933 Ignoscentua
449 3870 508 3931 per
529 3850 692 3913 stult-itiam
716 3871 794 3931 perae
815 3851 970 3930 ‹let-iquisti
991 3850 1145 3914 catullino.

230 3966 343 4031 Verum
360 3964 488 4047 posthac
509 3985 548 4029 ne
569 3967 604 4028 in
626 3967 784 4041 desidiam,
806 3985 868 4045 queo
890 3966 1072 4035 omicarini,
1094 3965 1234 4041 reccidere,

224 4080 314 4146 Haec
337 4081 396 4145 tibi
419 4084 546 4165 pactast
569 4078 743 4145 Callicletis
765 4080 840 4142 filia.

179 4197 315 4262 Duobus
333 4197 368 4260 in
386 4197 448 4261 hoc
466 4197 537 4261 loco
556 4195 721 4260 versiculis
739 4194 872 4279 defungi
891 4195 993 4259 licuit:
1015 4194 1101 4258 haud
1126 4194 1234 4278 paullo

88 4315 165 4400 plus
192 4314 289 4398 spatii
316 4313 362 4376 eis
390 4310 570 4376 Charmidis
598 4316 693 4394 atque
722 4308 862 4374 Calliclis
894 4310 1095 4375 sermonibus
1123 4330 1234 4374 conce·

88 4431 232 4495 dendum
260 4429 334 4510 erit,
366 4450 447 4512 quos
479 4429 554 4511 post
584 4450 612 4490 r.
639 4426 723 4489 1136
751 4426 950 4490 intercidisse
978 4425 1137 4511 Bergkius
1164 4447 1234 4511 per·

88 4547 205 4632 spexit.
233 4544 321 4620 Quos
349 4544 477 4627 quidem
505 4543 545 4606 ad
573 4543 645 4605 illas
673 4541 759 4623 ipsas
792 4541 960 4606 Lesbonici
993 4563 1065 4607 cum
1094 4540 1234 4607 Calliclis

88 4663 158 4728 filia
185 4662 317 4745 nuptias
346 4660 548 4745 potissimum
572 4660 732 4740 spectasse
757 4656 934 4742 significavi
958 4659 992 4722 in
1015 4659 1233 4723 adnotatione.
