2932 5452
544 674 748 731 canonino
1176 708 1216 747 xv

163 839 194 906 L
212 840 354 905 codicem
373 839 575 922 Lipsiensem
584 837 608 923 ¹)
627 844 660 903 et
673 841 705 905 Z
716 841 889 907 editionem
910 842 1087 926 principem
1110 843 1220 927 adieci,
1240 818 1300 964 V
1393 806 1435 951 Ξ

70 947 189 1032 quibus
208 946 366 1011 Italorum
386 948 605 1011 recensionem
622 947 701 1010 satis
717 950 950 1033 cognoscimus,
984 951 1046 1026 (lui
1066 955 1102 1016 ut
1117 950 1219 1016 multa

74 1055 208 1139 egregie
222 1054 442 1138 emendarunt,
457 1054 503 1118 itu
516 1076 556 1118 ne
572 1055 603 1118 in
620 1055 666 1119 eis
681 1054 818 1139 quidem,
833 1079 916 1140 quae
931 1079 1044 1140 parum
1054 1062 1140 1121 recte
1151 1080 1218 1122 mu-

70 1157 227 1245 tarunt²),
241 1182 373 1245 prorsus
383 1161 608 1245 praetereundi
619 1165 695 1225 sunt
705 1162 753 1225 vel
764 1164 903 1228 maxime
914 1164 948 1227 in
959 1166 1051 1228 tanta
1063 1163 1159 1228 huius
1170 1164 1217 1229 fa-

71 1267 169 1332 bulae
184 1268 424 1352 depravatione,
438 1268 494 1332 ubi
505 1268 554 1332 vel
570 1290 694 1333 errores
709 1269 893 1334 criticorum
909 1271 980 1334 usui
993 1293 1063 1335 esse
1073 1276 1216 1355 possunt.

161 1373 285 1440 Eorum
310 1379 418 1440 autem
442 1376 595 1459 codicmn,
618 1376 734 1460 quihus
753 1377 845 1462 qnasi
860 1378 1071 1444 fundamento
1087 1378 1217 1463 utimur,

70 1504 171 1569 quam
194 1482 418 1566 plenissimam
441 1483 529 1547 uolui
553 1483 727 1567 imaginem
751 1489 868 1569 extare,
892 1487 1044 1570 quoniam
1066 1509 1130 1571 quo
1150 1508 1217 1551 cor-

69 1590 220 1674 ruptiore
242 1589 339 1654 verba
361 1587 581 1672 perhibentur,
605 1611 642 1653 co
668 1590 826 1655 curiosius
845 1592 897 1656 vel
917 1592 948 1655 in
968 1592 1065 1655 rebus
1086 1592 1216 1657 minutis

71 1697 263 1761 memoriam
286 1695 482 1779 perscrutari
502 1697 651 1760 solemus.
679 1696 879 1782 Quamquam
901 1721 1014 1782 parurn
1034 1720 1092 1763 nos
1112 1699 1216 1764 iuvari

70 1801 125 1867 his
152 1802 250 1867 rebus
278 1824 381 1886 neque
411 1802 594 1867 extalibus
619 1804 758 1867 salutem
780 1805 849 1888 peti
872 1827 968 1889 posse
992 1806 1064 1890 quis
1088 1809 1139 1870 est
1163 1808 1217 1891 qui
1274 1845 1277 1851 ,

69 1908 216 1975 nesciat?

160 2013 231 2080 Iam
259 2037 335 2081 vero
364 2016 443 2081 adeo
472 2016 649 2102 depravata
677 2024 710 2081 ct
736 2019 905 2102 inquinata
933 2020 1088 2085 librorum
1112 2018 1216 2085 1301)

71 2124 232 2189 memoria
258 2145 323 2188 non
350 2124 480 2188 aliunde
511 2125 684 2208 repetenda
708 2148 778 2190 essc
802 2126 983 2212 videbatur,
1012 2151 1108 2213 quam
1131 2127 1217 2212 quod

71 2252 183 2295 acrum
212 2230 408 2315 archetypus
438 2235 475 2294 ut
501 2232 536 2294 in
565 2232 627 2294 fine
660 2233 828 2297 mutilatus
862 2241 932 2298 crat
963 2234 1132 2299 Vidularia
1164 2235 1218 2299 ab·

72 2336 189 2420 scissa,
216 2336 264 2400 ita
292 2339 358 2401 iam
382 2341 476 2402 antea
500 2338 566 2401 sive
591 2338 655 2401 situ
684 2340 751 2403 sive
781 2363 891 2405 umore
920 2341 987 2406 sive
1018 2342 1091 2406 aliis
1121 2344 1216 2408 rebus

70 2443 180 2508 labem
208 2465 323 2526 passus
351 2441 488 2529 fuerit.³)
534 2443 647 2527 Neque
676 2448 860 2529 negaverim
889 2447 972 2512 hanc
1002 2471 1112 2513 veram
1147 2471 1217 2513 esse

71 2549 300 2616 coniecturam.
337 2550 492 2614 Attamen
515 2572 719 2635 nequaquam
744 2554 864 2617 sufficit
887 2555 966 2619 hacc
990 2557 1092 2620 ratio:
1116 2557 1214 2623 immo

71 2658 138 2722 alia
160 2658 196 2722 in
218 2663 371 2743 promptu
395 2665 453 2741 cst,
476 2681 558 2742 qnae
582 2659 713 2723 maioris
737 2663 893 2724 momenti
916 2662 1063 2727 videatur
1086 2668 1153 2727 tam
1178 2664 1216 2728 ad

70 2764 274 2849 explananda
298 2789 394 2852 quam
419 2767 458 2831 ad
482 2766 672 2850 expellenda
695 2767 786 2830 vitia.

145 2962 172 3025 1)
192 2959 272 3025 Quod
291 2960 317 3013 L
336 2960 472 3024 codicem,
496 2977 552 3014 non
571 2958 601 3011 F
618 2958 739 3029 signavi,
765 2976 831 3014 casu
855 2961 959 3014 factum
979 2964 1033 3030 eet,
1058 2980 1113 3032 quo
1133 2963 1215 3018 corri-

69 3038 166 3109 gendo
196 3055 296 3109 operae
324 3041 445 3108 pretium
473 3057 529 3094 non
558 3042 618 3093 crat
646 3056 744 3106 operas
768 3056 904 3093 exercere.
941 3039 1014 3094 Nam
1043 3059 1106 3096 cum
1134 3059 1216 3098 nemo

69 3136 166 3174 errare
190 3121 295 3190 poterit
316 3125 377 3175 tum
400 3119 445 3175 hic
474 3120 545 3174 liber
569 3138 624 3173 non
649 3121 708 3174 tam
727 3137 873 3189 personam
893 3122 923 3174 ut
942 3121 983 3174 ita
1002 3122 1094 3176 dicam
1113 3123 1216 3177 codicis

69 3199 208 3267 sustinet,
231 3202 278 3255 sed
302 3201 362 3255 ΒΖ
384 3201 428 3254 vel
452 3200 512 3254 Μ
531 3201 687 3255 ‘Italorum'
714 3200 806 3255 brevis
834 3201 1001 3277 significatio
1029 3207 1079 3257 est.
1118 3205 1216 3271 ltaque

69 3281 160 3335 etiam
187 3298 258 3348 qnae
282 3281 439 3351 Geppcrtns
463 3280 581 3349 protulit
607 3281 640 3334 dc
661 3281 786 3335 Parisino
807 3283 901 3336 codiee
925 3282 954 3335 et
972 3282 1001 3335 in
1027 3282 1149 3338 editione
1168 3300 1218 3337 sua

69 3363 101 3415 et
129 3359 160 3413 in
189 3359 279 3414 ‘arun
308 3361 413 3415 Plaut’
444 3361 500 3429 lp.
521 3365 641 3414 δῖ’-111
672 3362 740 3428 l‘die
766 3368 930 3431 sepeponere
957 3362 1021 3432 [sic]
1052 3364 1218 3417 italirrrisrhc

68 3440 225 3495 Recemion
247 3443 285 3495 im
306 3442 513 3508 Truculentas’)
533 3443 567 3494 ad
588 3441 703 3495 verbum
728 3442 883 3496 consentire
907 3459 970 3495 cum
996 3442 1135 3511 Lipsienei
1163 3461 1217 3497 non

69 3522 116 3574 est
134 3520 210 3588 quod
229 3539 364 3576 moneam.

145 3603 175 3668 2)
194 3600 273 3664 duod
298 3619 363 3655 vero
392 3618 589 3668 nonnunquam
615 3601 748 3654 lectiones
773 3600 887 3655 inutiles
911 3602 1026 3657 relictae
1049 3608 1126 3671 sunt,
1152 3603 1216 3658 ideo

70 3679 265 3748 exhibueram,
280 3686 312 3737 ut
326 3685 418 3736 essent
432 3682 533 3750 quibus
549 3681 701 3735 amicorum
717 3681 912 3735 adnotationes
931 3683 1004 3736 inter
1023 3684 1217 3752 corrigendum

68 3762 176 3817 allatas
199 3753 410 3816 substituerem}
439 3761 514 3829 quod
538 3761 585 3814 ubi
609 3760 699 3814 minus
724 3763 872 3829 processit,
892 3763 1103 3829 typothetarum
1127 3764 1217 3818 labori

67 3858 191 3912 parcens
211 3841 337 3909 toleravi,
357 3858 429 3910 quuc
448 3844 481 3894 ut
498 3842 636 3895 neminem
656 3841 753 3893 iuvant
772 3841 874 3893 nemini
895 3846 1002 3896 nocent.

145 3926 173 3989 3)
193 3922 233 3976 cf.
252 3922 326 3977 inter
341 3923 409 3976 alios
424 3922 609 3991 Kiesslingius
624 3939 696 3975 cens.
717 3939 743 3988 p.
764 3927 829 3974 609:
852 3921 972 3974 ‘frcilich
993 3922 1061 3974 wird
1082 3941 1130 3975 uns
1150 3923 1218 3976 aher

68 4003 146 4058 auch
166 4003 210 4057 die
230 4003 328 4072 ruhigc
349 4003 405 4056 und
430 4004 623 4071 unbcsangene
647 4001 751 4054 lectiirc
775 3999 823 4053 des
843 4000 1029 4055 'truculentus
1049 4001 1135 4054 durch
1155 4001 1217 4055 eino

69 4081 267 4138 verdcrbtheit
285 4083 333 4139 des
352 4085 443 4138 tentes
462 4084 624 4159 erachwert,
649 4082 755 4136 welche
779 4081 854 4134 ihres
873 4079 1002 4148 gleichen
1023 4082 1125 4135 cuchen
1146 4081 1215 4135 dari.

69 4164 124 4220 der
141 4163 284 4231 ametand,
308 4164 373 4218 dass
397 4163 446 4217 das
471 4165 551 4218 stdck
575 4164 618 4218 die
642 4162 776 4216 vorletzte
800 4159 881 4214 stelle
903 4160 932 4213 in
956 4160 1019 4214 dem
1042 4177 1141 4231 corpus
1168 4163 1217 4215 der

67 4244 284 4299 Plautinischcn
309 4243 454 4297 comodien
479 4243 622 4311 einnahm,
641 4262 707 4314 rnog
721 4241 795 4296 wohl
809 4240 854 4293 dic
873 4241 991 4294 ureache
1005 4258 1133 4309 gewesen
1149 4243 1216 4309 sein,

68 4326 137 4380 dass
159 4325 282 4379 diesclbe
304 4323 472 4379 husserliche
492 4324 664 4393 verlctznng,
689 4323 795 4376 welche
815 4320 1016 4376 dieVidnlaria
1034 4322 1077 4376 bis
1096 4322 1147 4376 auf
1163 4323 1216 4377 den

67 4405 138 4461 titel
162 4404 347 4472 remichtete,
372 4403 432 4457 ihre
457 4405 651 4458 norstdrenden
674 4403 840 4471 wirkungcn
866 4402 938 4455 auch
962 4403 1011 4456 auf
1032 4402 1085 4456 den
1104 4403 1215 4457 vorhcr-

67 4484 221 4557 gehendcn
240 4484 425 4539 Truculentus
449 4485 610 4538 ansdehnte.
648 4485 816 4553 wenigstens
840 4482 902 4535 sind
926 4482 972 4537 dic
995 4483 1096 4538 lticken
1119 4483 1217 4537 iader

67 4566 155 4621 mitte
174 4566 230 4619 und
248 4583 294 4620 am
313 4564 382 4619 ende
402 4565 451 4618 der
469 4581 555 4630 verse,
575 4566 659 4620 sowie
679 4564 723 4617 die
744 4562 885 4617 sinnloscn
900 4564 1076 4632 corruptelen
1091 4580 1121 4617 so
1141 4565 1216 4618 zahl-

68 4646 129 4714 los,
154 4645 220 4700 daea
239 4663 304 4700 man
323 4647 483 4716 notwendig
502 4645 659 4700 annehmen
680 4662 766 4712 muas,
794 4644 838 4696 die
858 4643 998 4697 schreiber
1022 4644 1071 4698 dor
1094 4644 1217 4701 Palatini

68 4726 167 4782 haben
191 4726 236 4781 ein
260 4726 347 4780 durch
372 4726 479 4792 ldchcr,
503 4728 596 4793 misse,
621 4725 717 4779 moder
740 4724 796 4777 und
820 4727 883 4792 gott
905 4724 986 4779 weiss
1010 4742 1066 4780 was
1090 4726 1158 4781 alles
1177 4726 1216 4780 im

69 4807 213 4863 hochstcn
231 4807 317 4877 grace
337 4809 485 4864 zerstdrtes
504 4807 621 4876 original
641 4823 691 4860 vor
710 4804 768 4859 sich
788 4805 912 4875 gehabt.'
