2932 5452
159 342 251 398 XVIII
629 343 834 401 PRAEFATIO

880 551 907 594 v.
925 528 991 594 535
1005 550 1068 614 sq.:
1091 525 1173 603 Quid
1193 529 1217 594 si
1232 528 1273 593 di·

924 658 988 721 quo
1007 635 1049 702 ad
1067 633 1161 702 ludos
1178 657 1273 720 mepro

925 739 1085 807 manduco
1110 741 1207 807 locem
1224 789 1273 806 ...

924 848 1002 933 quie
1014 848 1070 933 poI
1085 848 1169 913 clare
1181 847 1273 932 crepito

925 953 1085 1020 dentibus.

159 601 185 642 v.
197 579 261 642 5223
275 601 334 662 sq.:
380 579 539 664 Equidem
559 602 609 644 rnc
631 580 671 644 ad
690 582 850 647 uelitatio·

381 706 455 751 nem
479 708 623 754 exerceo:

381 790 467 856 Nam
487 794 596 858 omnia
619 816 751 861 corusca
773 817 852 879 pree

384 902 524 964 tremore
547 900 685 967 fabulor.

159 1134 186 1175 v.
201 1112 359 1196 520sqq.:
382 1112 484 1195 Eheu,
504 1115 576 1199 quis
596 1115 680 1180 uiuit
698 1135 749 1178 me
768 1135 850 1179 mor·

386 1220 464 1284 talis
488 1221 658 1286 miserior?

383 1328 400 1399 I
409 1326 482 1412 Ego
512 1328 614 1392 multo
638 1331 732 1394 tanto
755 1328 852 1393 mise·

386 1434 453 1498 rior
475 1456 572 1518 quam
595 1440 648 1520 tu,
670 1433 807 1520 Labrax,

384 1589 392 1605 .
408 1591 415 1606 .
430 1590 438 1606 .
452 1540 529 1626 quia
538 1561 598 1626 ego
608 1540 762 1626 indignus
772 1563 852 1621 sum,

383 1653 420 1712 tu
444 1647 576 1733 diguus,
600 1648 655 1733 qui
679 1649 740 1712 sies

878 1167 1075 1253 v.55'1sqq.:
1094 1168 1271 1252 iurooptuno

925 1296 977 1340 me
1009 1274 1132 1341 lauisse
1164 1274 1270 1339 arcion

924 1431 932 1446 .
948 1430 956 1446 .
970 1430 978 1445 .
992 1381 1068 1466 quia
1089 1380 1225 1445 auderem
1237 1384 1269 1443 u

925 1509 997 1553 cum
1012 1487 1047 1552 in
1061 1508 1174 1552 nauem
1188 1504 1267 1550 ascen

924 1592 1008 1660 dere.

157 1790 329 1855 Praeterea
351 1812 380 1854 v.
404 1789 470 1855 552
480 1811 527 1874 sq.
550 1790 698 1854 conferas
728 1812 801 1856 cum
828 1812 857 1855 v.
880 1788 956 1854 512.
1000 1789 1091 1866 Quae
1118 1792 1154 1855 ut
1174 1783 1266 1869 cingat

158 1919 223 1962 non
247 1896 386 1962 multum
410 1896 540 1961 valcant
563 1896 603 1960 nd
623 1888 896 1980 persuadendum,
920 1895 1094 1962 coniuncta
1117 1901 1149 1961 et
1166 1896 1265 1959 interae

158 2008 287 2068 etcum
311 2004 436 2068 ratione
465 2003 579 2068 critica
605 2025 701 2087 quam
726 2003 968 2090 indagavaus,
997 2004 1193 2089 aliquantum
1213 2019 1264 2084 pon·

160 2110 245 2174 deris
270 2110 461 2176 adsciscant

247 2215 336 2281 Haec
358 2217 431 2300 ipse
454 2221 562 2283 autem
585 2218 670 2284 ratio
691 2240 801 2283 rursus
820 2216 977 2303 exemplis
996 2218 1098 2283 etiam
1116 2210 1263 2282 luculente

157 2323 248 2388 ribus
276 2325 308 2387 in
336 2324 493 2408 proximis
521 2325 709 2389 illustratur.
761 2323 848 2390 Nam
876 2347 905 2389 v.
934 2324 1057 2410 613sq.
1085 2325 1184 2390 exitas
1206 2312 1263 2403 qud

158 2430 248 2495 deest
275 2429 373 2516 (meac
399 2431 534 2494 uicinroe
562 2435 595 2496 et
623 2433 787 2511 [miratlar
808 2427 908 2515 moa)
936 2431 1140 2515 apertissime
1161 2450 1194 2493 eo
1210 2421 1263 2489 rdc

158 2537 292 2603 rendum
317 2540 380 2620 est,
409 2537 494 2620 quod
518 2560 547 2601 v.
571 2536 637 2602 593
660 2537 754 2602 initio
777 2557 836 2621 pro
859 2536 961 2602 Miris
983 2537 1125 2622 apetium
1146 2527 1262 2621 praebent

157 2643 274 2728 BOD,
301 2642 364 2707 uisi
388 2643 473 2727 quod
502 2644 535 2708 in
558 2643 593 2709 D
620 2643 803 2709 rubricator
826 2643 1007 2729 supplerit,
1034 2665 1102 2710 non
1125 2666 1161 2708 ex
1181 2636 1262 2711 coditt

159 2752 213 2816 sed
238 2773 276 2815 ex
300 2752 370 2816 loeo
395 2750 553 2833 parallelo
577 2751 673 2816 Mero.
694 2750 724 2815 II
746 2753 777 2815 1:
802 2772 840 2815 ex
864 2750 977 2816 eodem
1002 2757 1111 2816 autern
1135 2750 1197 2815 loeo
1215 2758 1262 2808 eum

158 2880 185 2921 v.
204 2857 271 2922 594
294 2880 464 2942 perperam
487 2858 616 2923 illatum
641 2880 710 2923 esse
735 2858 876 2923 viderint
899 2857 1097 2924 Ritschelius
1120 2857 1263 2939 tangere

158 2985 236 3048 que,
262 2965 326 3028 ianr
351 2969 482 3030 externo
505 2965 691 3029 testimonio
717 2964 941 3031 demonstrare
965 2987 1137 3049 possumus
1159 2963 1188 3026 in
1206 2973 1262 3023 com·

157 3073 247 3135 muni
266 3071 412 3136 codicum
432 3070 535 3137 BOD
554 3071 727 3156 archetypo
747 3069 807 3158 (P)
826 3071 912 3136 hunc
931 3093 1060 3135 versum
1079 3072 1196 3136 illatum
1210 3078 1265 3135 esso

158 3200 222 3243 non
256 3176 401 3242 extitisse
433 3177 468 3242 in
499 3177 582 3241 libro
612 3179 794 3261 antiquiore
822 3177 942 3243 codicis
970 3177 1004 3242 P
1030 3176 1165 3263 fonte*).
1206 3167 1266 3236 Nam

158 3285 243 3368 quod
267 3285 392 3350 duobus
416 3285 561 3349 versibus
585 3285 619 3348 in
642 3285 730 3349 exitu
760 3285 883 3350 mutilis
907 3307 990 3349 unus
1013 3284 1183 3370 respondet
1199 3270 1269 3344 initio

158 3391 325 3475 deficiens,
349 3392 422 3455 inde
446 3391 637 3476 explicatur,
661 3392 746 3477 quod
769 3392 856 3456 bunc
879 3392 933 3478 qui
958 3392 1169 3457 antecedebat
1187 3390 1273 3451 versu⁸

157 3498 359 3584 inscriptioni
387 3500 537 3564 vacabat:
571 3499 617 3563 sic
646 3504 753 3564 autem
782 3521 853 3563 cum
887 3521 915 3563 v.
944 3499 1010 3563 614
1038 3496 1121 3586 (uon
1148 3492 1273 3592 613)ῐθ1

157 3607 314 3691 spondeat
341 3606 448 3670 versui
476 3606 555 3690 593,
583 3606 623 3670 21
657 3627 768 3670 versus
802 3627 860 3688 pro
891 3605 934 3669 20
962 3604 1203 3686 intercederent,
1224 3593 1273 3661 aiffl

158 3736 239 3777 rinus
264 3735 302 3777 cx
325 3713 377 3777 his
401 3713 563 3777 insiticius
587 3718 680 3777 esset.

247 3819 330 3883 Aliis
349 3820 529 3884 rationibus
545 3819 728 3884 declaratur
744 3818 829 3903 quod
848 3819 998 3902 proximo
1013 3841 1142 3905 quoque
1156 3804 1273 3898 erenplt

158 3924 299 3989 ambitus
326 3926 540 4008 intercedens,
566 3946 632 3990 non
659 3946 812 3990 numerus
840 3946 990 3990 versuum
1018 3932 1201 3992 truncorum
1220 3931 1273 3987 ocss‘

157 4030 246 4092 cinit.
291 4028 377 4093 Nom
401 4054 429 4094 v.
453 4032 517 4095 629
546 4031 640 4096 initio
664 4054 736 4096 cum
764 4031 853 4111 Quod
874 4028 1071 4118 tumidiores)
1095 4023 1273 4097 interciderit

159 4136 281 4220 optimc
304 4137 491 4220 respondet,
515 4138 601 4220 quod
625 4161 652 4202 v.
673 4139 736 4202 648
762 4140 847 4202 exitu
871 4138 959 4207 bomo
982 4140 1207 4205 aedambsimds
1223 4152 1273 4218 sup*

228 4310 255 4378 ²¹⁵)
275 4309 303 4363 Si
314 4328 338 4364 v.
350 4315 399 4363 601
417 4310 568 4367 Videbatur
582 4311 663 4366 initio
677 4310 877 4380 interpolatum
893 4330 1022 4368 essenon
1037 4332 1111 4370 vana
1125 4318 1168 4370 est
1181 4310 1272 4383 suspici

157 4390 202 4460 (cf.
219 4390 433 4460 appenderit),
453 4393 528 4460 quod
548 4392 626 4446 nulla
645 4394 747 4448 lacuna
761 4394 939 4464 respondent,
958 4394 994 4449 ad
1009 4396 1163 4465 septenarii
1176 4394 1273 4466 biparti

155 4474 264 4543 partem
284 4489 400 4527 vacuam
420 4475 577 4542 oppositam
596 4475 706 4527 trahere
725 4475 825 4542 possis.
