2932 5452
228 344 292 409 186
709 343 894 400 Apeeule
1196 347 1382 400 reue-mee

226 506 309 562 hodie
328 506 526 562 ereeiseeur.
565 522 617 576 ego
640 504 684 560 illi
705 504 822 561 hocedie
846 504 1012 562 Riteeheliue
1029 507 1066 562 N.
1085 506 1158 562 Eue.
1183 506 1228 562 Pl.
1247 505 1270 558 1
1283 521 1313 575 p.
1332 509 1378 560 93.

233 588 264 642 V.
286 593 354 642 1355
373 586 439 655 quid
458 588 626 654 Lambinus,
645 588 750 656 diuguu
770 587 878 642 Pureue
894 588 1033 655 refutante
1053 587 1177 643 Grutero.

301 673 377 723 1357.
396 666 462 722 istie
481 669 554 736 leno,
574 685 637 723 ecee
657 669 709 736 (vel
727 669 785 735 eu)l
804 666 947 723 Ileulerue.
971 666 1035 722 leno
1054 668 1120 723 istic
1138 669 1182 724 eut
1200 667 1330 722 Guietue.
1344 698 1381 709 -

227 749 305 815 heus,
325 748 394 801 heus
412 749 456 801 iu:
481 763 524 800 em
545 747 598 801 tibi
615 749 657 802 vel
675 747 743 800 heus
762 749 805 800 tu:
830 763 874 801 em
894 747 945 802 tibi
965 748 1106 803 homiuem
1125 749 1282 803 Muellerus
1300 747 1380 802 Prae.

222 847 252 898 p.
269 832 325 883 567
342 829 477 896 (efi134).
498 857 530 866 -
550 843 585 881 eu
598 827 652 881 tibi
666 826 866 896 Fleckeieeuue,
883 829 955 897 quod
972 829 1015 882 vel
1032 835 1128 885 eontra
1141 829 1278 884 Briuium
1297 829 1383 898 (adde

227 909 405 964 Ribbeelium
427 909 459 962 ele
481 910 583 978 partie.
603 926 633 978 p.
659 911 705 976 33)
729 909 783 975 def.
806 908 958 979 Gepperlue
982 908 1085 963 ‘Zeelaa
1110 910 1131 977 s.
1158 907 1272 981 Gymu!
1295 907 1383 962 XIX

223 1008 254 1059 p.
270 994 334 1044 126.
364 989 437 1043 Aule
455 987 524 1042 heus
543 991 573 1042 iu
589 988 618 1042 F
619 990 779 1044 leelee'eeuue
797 1006 837 1058 ep.
852 1005 889 1043 er.
901 1007 930 1058 p.
948 988 1098 1042 XXVIII
1112 991 1178 1047 haee
1195 990 1252 1057 sere
1269 989 1382 1058 eume·

228 1070 287 1124 bat:
306 1069 364 1123 GR.
383 1068 429 1122 hic
447 1068 512 1122 anie
531 1069 632 1122 ostium
653 1069 828 1136 reliqueram.
867 1068 921 1123 Sed
940 1067 1080 1137 eccillum,
1101 1086 1188 1139 prope
1207 1070 1293 1124 uetat.

303 1154 379 1203 1359.
395 1151 426 1201 ut
440 1163 566 1216 quaeque
583 1146 764 1202 Camerarius.
784 1151 815 1202 ut
828 1149 951 1217 quidque
965 1149 1087 1219 Reiziue,
1099 1151 1172 1205 uude
1185 1149 1383 1204 1515159149-

229 1231 348 1284 euenere:
371 1230 406 1296 es.
426 1245 465 1298 ep.
485 1243 522 1281 er.
539 1245 568 1297 p.
590 1227 703 1294 XXII,
726 1227 801 1281 Anu.
818 1229 887 1297 phil.
906 1228 988 1281 LXI
1001 1244 1032 1299 p.
1051 1232 1107 1297 22,
1125 1229 1278 1284 Muellerus
1298 1228 1382 1285 Proe.

225 1328 255 1379 p.
275 1313 345 1376 432,
369 1308 595 1375 Peauiysdorfiue
617 1309 794 1366 aremare
810 1312 835 1362 ee
855 1318 992 1366 eumaem
1010 1310 1239 1378 praecellat.
1259 1328 1286 1365 a
1306 1312 1383 1365 1878

228 1406 256 1458 p.
275 1394 319 1443 18.
357 1388 396 1440 Ae
414 1403 439 1444 u.
459 1387 612 1441 Lereueiue
630 1388 667 1441 ad
684 1386 766 1442 Moel.
785 1405 809 1442 u.
829 1391 882 1441 831
901 1393 926 1441 et
940 1389 1031 1456 praes.

304 1469 463 1522 13693991
483 1469 534 1522 est.
573 1465 630 1530 [Di
648 1467 699 1521 del.
719 1483 735 1522 ο
754 1466 875 1537 Reiaiue,
893 1468 1043 1523 Beullu'ue.
1062 1498 1096 1509 -
1115 1472 1207 1526 mensi
1226 1470 1358 1540 Pylades.

303 1554 379 1603 1331.
400 1547 481 1600 Tuum
500 1548 544 1602 erl
562 1546 683 1602 Reiziue.
704 1577 734 1585 -
755 1546 861 1601 iuuerit
877 1548 955 1603 idem.
976 1578 1008 1587 -
1028 1552 1120 1604 meunt
1142 1566 1192 1605 om.
1211 1551 1308 1604 tumen
1324 1550 1380 1621 Py-

228 1629 310 1684 ladee.

301 1713 377 1762 1368.
407 1705 592 1773 Quibuscum,
619 1723 668 1763 om.
693 1705 790 1772 hodie,
819 1707 941 1764 Guiedue.
979 1709 1080 1780 quibus
1102 1709 1201 1778 hodie,
1227 1728 1278 1766 ora.
1304 1730 1380 1780 eum,

230 1789 422 1844 Fleckeieeuue
440 1788 598 1855 desaedeute
615 1788 718 1843 Brixia
736 1790 811 1842 A-uu.
826 1789 896 1857 puel.
917 1789 961 1843 CI
975 1808 1004 1859 p.
1025 1794 1093 1846 773.-
1110 1791 1193 1861 idque
1210 1792 1291 1847 eliam
1311 1792 1380 1847 Kie-

229 1871 333 1926 uiter'ue
352 1868 478 1923 ‘servari’
496 1883 575 1937 poeee
589 1874 673 1937 putat
691 1870 708 1923 l.
723 1886 743 1925 e.
758 1886 779 1924 e.
809 1866 931 1924 Celerum
949 1871 984 1937 ef.
1005 1870 1144 1927 Demeliue
1162 1872 1179 1926 l.
1194 1889 1215 1927 e.
1229 1889 1250 1926 e.
1265 1889 1296 1942 p.
1311 1877 1380 1928 211.

303 1954 381 2003 1363.
405 1947 564 2002 medhercle
585 1949 701 2004 Guielue
719 1951 856 2018 probante
873 1949 1011 2005 Ilieeleelio
1029 1948 1066 2005 N.
1086 1950 1157 2006 Eue.
1179 1952 1225 2008 Pl.
1244 1952 1266 2005 I
1279 1970 1313 2022 1²·
1333 1958 1380 2021 99,

229 2031 408 2101 redaraueule
425 2028 559 2083 Muellero
578 2028 718 2083 ‘Naehlr’
735 2047 765 2098 p.
781 2034 825 2095 53,
845 2029 964 2100 Beryllo
984 2030 1094 2085 ‘Ber'tu’
1111 2049 1141 2100 p.
1156 2036 1194 2087 90
1211 2033 1245 2087 de
1262 2032 1379 2100 quidem

230 2111 323 2165 hercle
347 2108 463 2178 (fautum
483 2109 522 2176 el)
545 2109 688 2178 eoqitaute.
724 2108 818 2164 hercle
841 2110 975 2166 factumst
997 2127 1058 2166 eum
1076 2112 1103 2165 B
1122 2112 1204 2167 eliam
1224 2112 1380 2168 Mecum

230 2194 308 2248 Prae.
323 2208 353 2260 p.
373 2192 428 2243 317
447 2190 491 2258 (es.
512 2192 578 2256 452)
603 2219 635 2229 -
661 2193 741 2259 alque
760 2204 804 2243 me
826 2192 858 2245 iu
877 2191 934 2246 01>
956 2192 994 2246 ad
1012 2190 1068 2246 mei
1089 2208 1114 2246 e.
1133 2196 1207 2247 1367
1229 2193 1262 2246 iu
1279 2194 1380 2248 eludere

231 2272 365 2328 traditura
383 2273 503 2338 epeelare
521 2269 629 2324 uidetur
649 2300 680 2309 —
701 2287 734 2326 ae
752 2270 816 2324 deire
834 2274 884 2325 tue
902 2287 936 2324 ex
949 2272 991 2326 vel
1004 2288 1038 2326 ex
1051 2273 1102 2327 tue
1115 2270 1262 2329 sententia.
1282 2303 1318 2313 -
1338 2275 1382 2329 eet

230 2352 348 2408 facum:
368 2365 431 2403 eum
450 2346 538 2402 istaec
555 2346 609 2401 tibi
628 2365 671 2402 ree
691 2347 872 2406 Camerarius.
908 2350 948 2418 Of.
964 2352 1053 2420 praef.

305 2436 381 2486 1386.
400 2445 457 2482 non
476 2427 559 2481 facile
578 2427 698 2483 Reiee'ue.
736 2428 819 2486 facile
837 2463 871 2472 -
890 2447 946 2485 non
964 2431 1089 2486 Bothiue.

305 2516 381 2566 1387.
402 2509 490 2562 lmmo
509 2509 541 2560 tu
560 2508 653 2562 hercle
672 2509 863 2566 Lambiue'aua
880 2528 931 2566 om.
950 2527 975 2565 v.
994 2515 1068 2567 1369
1093 2514 1124 2566 tu
1139 2516 1204 2581 poet
1221 2510 1320 2569 Imma.
1346 2542 1381 2552 —

231 2598 262 2650 lu
277 2591 347 2648 mihi
362 2589 565 2645 Fleeleieeuue:
584 2589 618 2654 es.
635 2588 795 2660 Spaeaeliue
810 2590 840 2644 T.
857 2591 900 2645 M.
918 2589 951 2644 Ρ.
964 2606 993 2660 ρ.
1009 2594 1054 2658 59,
1072 2591 1276 2646 Dammauuue
1289 2589 1308 2647 1.
1322 2607 1345 2646 e.
1357 2608 1381 2646 e.

227 2692 258 2745 p.
277 2677 326 2740 24,
350 2670 488 2726 Lueleeiae
513 2669 544 2722 iu
567 2667 686 2723 Scaeua.
711 2670 789 2724 stud.
816 2671 837 2722 I
854 2687 884 2740 p.
905 2673 940 2726 32
962 2685 1026 2725 mou
1048 2671 1081 2725 de
1104 2669 1148 2726 Ne
1173 2668 1236 2725 duis
1258 2670 1298 2726 ob
1317 2687 1382 2726 eum

230 2755 360 2823 eoaitaue.

305 2838 373 2887 1389
393 2831 479 2884 uerod
498 2831 616 2885 Bellias
639 2831 714 2899 (olim
737 2831 806 2885 heus
829 2832 994 2902 duplicans).
1018 2861 1052 2870 -
1076 2831 1132 2886 iam
1155 2831 1241 2885 habes
1260 2831 1385 2902 Pylades

232 2933 293 2970 eum
311 2913 384 2967 aliie.
414 2911 506 2964 iamne
526 2909 612 2965 hebes
628 2910 811 2967 Camerarius.
839 2928 923 2979 quom
939 2911 994 2965 iam
1012 2911 1118 2965 habeas
1133 2910 1285 2966 Muellerus
1301 2912 1382 2968 Pras.

229 3014 258 3066 p.
280 2998 345 3061 587,
363 2993 419 3045 ium
439 2992 470 3043 uh
488 2989 591 3044 habeus
610 2991 730 3046 Brixiae
748 2991 821 3046 Aua.
839 2992 907 3061 plu-l.
925 2990 1066 3045 CXXXI
1079 3008 1107 3058 p.
1122 2994 1178 3045 205
1196 2991 1384 3061 interruptam

229 3080 292 3145 post
310 3072 436 3126 nidulum
456 3071 605 3124 oratiorum
618 3072 806 3142 eiyuificuutee
817 3089 866 3140 per
881 3087 1001 3140 propera
1014 3071 1212 3125 absolvendum.
1233 3070 1277 3138 Os.
1290 3076 1383 3142 prael.

308 3158 440 3220 1372eqq.
460 3167 526 3203 num
546 3153 576 3203 tu
596 3150 702 3204 iuratus
721 3152 848 3220 Pylades.
869 3182 899 3189 —
920 3148 1017 3203 iurabo
1036 3165 1110 3203 nunc
1123 3148 1250 3205 Botulus.
1272 3183 1306 3190 —
1327 3168 1384 3206 eer-

235 3236 338 3289 randue
366 3232 407 3285 rei
430 3231 555 3301 Pylades.
597 3230 687 3285 Nolui
713 3248 743 3285 re
772 3230 933 3285 seruandae.
972 3230 1010 3283 Ar
1035 3233 1125 3298 aperte
1152 3230 1190 3283 ad
1218 3231 1384 3299 perdundae

233 3318 335 3385 special
349 3310 550 3380 perituriesime
569 3328 593 3365 v.
610 3316 679 3364 1375
698 3313 743 3378 (cs.
759 3308 945 3366 oceisiesimus
959 3310 1007 3378 al.)
1026 3309 1098 3378 qued
1110 3317 1271 3378 spreverunt
1285 3328 1382 3367 omues.

238 3395 270 3452 V.
291 3399 359 3447 1376
378 3391 445 3460 quid
467 3389 550 3454 Piue,
579 3389 670 3444 ieiune
689 3392 815 3447 Bolhiue.
848 3390 954 3445 iuratus
977 3391 1034 3456 eet,
1061 3405 1111 3444 om.
1140 3389 1224 3457 mihi,
1253 3391 1383 3461 ffludes,

239 3475 271 3530 V.
292 3478 360 3528 1377
385 3474 417 3526 de
434 3469 543 3539 peiurio
568 3471 602 3537 ef.
622 3472 660 3525 ad
681 3487 706 3527 v.
727 3476 771 3538 17,
794 3473 878 3527 dere
902 3471 963 3525 uide
985 3469 1093 3524 Peleu
1111 3470 1225 3526 Advere.
1245 3473 1388 3527 mrbeeaI

235 3560 271 3610 18
285 3573 314 3624 p.
335 3556 400 3620 766,
418 3550 561 3605 Raevarde'
584 3550 650 3606 Var.
670 3552 727 3605 leet.
748 3553 790 3607 Π
804 3556 830 3619 3,
851 3551 967 3607 (iuuere
985 3551 1018 3604 de
1036 3554 1084 3605 rel.
1103 3551 1164 3604 iure
1178 3553 1285 3620 pontif.
1304 3553 1344 3607 H
1358 3557 1384 3620 3,

233 3635 373 3702 Romer'jui
395 3648 463 3703 spec.
488 3632 572 3685 iurid.
599 3649 628 3701 p.
649 3636 698 3697 98,
727 3632 793 3686 Selle'
815 3634 848 3687 de
870 3636 969 3701 except.
993 3647 1046 3684 ueu
1069 3631 1117 3700 qui
1141 3631 1208 3699 leyr'e
1230 3636 1285 3685 ael.
1305 3639 1382 3702 temp.

233 3717 319 3783 sue-rit
338 3715 378 3768 ed.
398 3712 515 3766 Bauuae
534 3729 559 3764 a.
580 3715 653 3765 1867
667 3729 697 3781 p.
713 3716 749 3766 33
759 3728 824 3780 sqq,
838 3713 874 3766 al.
908 3711 939 3764 V.
955 3716 1070 3779 13788q.
1101 3709 1130 3763 Si
1149 3709 1235 3764 istum
1255 3711 1382 3767 uidulum

235 3794 415 3863 Redegisuem
439 3794 467 3845 in
492 3792 661 3860 potestatem
685 3792 744 3846 eius
769 3792 875 3846 iuratus
895 3792 1027 3862 Pylades,
1050 3789 1073 3843 si
1097 3788 1184 3844 istum
1204 3790 1336 3846 nidulum
1353 3791 1384 3845 lu

236 3876 407 3945 potestatem
427 3871 487 3926 eius
505 3869 677 3941 redegissem
697 3872 804 3927 iuratus
823 3873 867 3926 eet
884 3871 1005 3927 Reiaiue.

308 3960 384 4009 1331.
412 3952 562 4021 stipulatus
589 3951 726 4021 Berqliue
755 3952 852 4022 Opuec.
881 3953 902 4004 I
930 3970 958 4020 p.
990 3956 1044 4005 176
1075 3951 1240 4019 inprobante
1274 3953 1386 4022 Buaeio

238 4035 336 4089 I'lu'lol.
363 4033 477 4087 XXXI
497 4051 528 4102 p.
546 4036 603 4087 258
611 4049 664 4101 ea,
685 4033 821 4101 probante
838 4032 973 4087 Lureueio
996 4030 1125 4085 Peuedolr'
1143 4047 1173 4099 p.
1194 4034 1231 4086 33
1247 4032 1313 4087 adu.
1340 4033 1384 4099 (ef.

236 4115 273 4168 ud
292 4132 315 4168 e.
336 4115 428 4180 1969).
450 4144 481 4151 -
501 4113 566 4166 niue
585 4111 671 4165 etiem
696 4113 761 4165 dum
785 4112 861 4166 haud
880 4113 1027 4167 Acidaliae
1041 4128 1070 4180 p.
1090 4114 1144 4165 454
1168 4111 1209 4186 (ni
1227 4112 1384 4167 etiamdum

236 4195 306 4247 haul
324 4193 464 4246 Beulleiue
483 4194 519 4246 ael
541 4193 599 4246 Ter.
620 4192 695 4248 Eure.
709 4193 766 4246 III
781 4199 807 4261 5,
825 4195 884 4261 22).
913 4192 979 4247 niue
998 4191 1083 4247 elium
1102 4190 1246 4245 hauddum
1263 4192 1383 4248 Reu‘ee‘ur.

237 4275 297 4328 uiue
327 4273 410 4327 eiiam
438 4273 503 4324 dum
530 4289 589 4325 eum
614 4273 759 4328 Prieeiaue
783 4273 934 4328 Muellerus
957 4274 1026 4328 Prae
1054 4291 1083 4340 p.
1108 4274 1171 4326 662.
1201 4275 1270 4340 739,
1299 4273 1382 4344 Siale-

237 4355 356 4409 muudus
383 4354 415 4406 ele
444 4363 524 4401 HAVD
548 4355 649 4421 partie.
678 4373 708 4422 p.
732 4357 808 4408 228·
840 4358 869 4406 at
897 4355 931 4420 ef.
957 4352 1138 4406 Frareeleeuus
1160 4369 1190 4420 p.
1215 4356 1267 4420 50,
1291 4354 1383 4422 Beue·
1447 4393 1462 4401 -

240 4450 358 4488 ueeenuue
376 4434 409 4487 de
423 4434 524 4501 partie.
545 4444 582 4483 91
595 4452 625 4502 p.
645 4437 727 4503 12sq.
762 4434 804 4500 Of.
819 4434 910 4503 praef.

311 4519 386 4568 1382.
407 4512 510 4566 habeas
531 4530 593 4566 eum
608 4515 661 4567 hou
678 4512 801 4568 Guie’lue.
830 4511 903 4567 habe
921 4528 984 4565 eum
998 4510 1069 4564 ieloe
1083 4510 1203 4567 Bauius
1216 4511 1381 4568 duiuuer.
1394 4541 1462 4570 --
