2932 5452
575 670 780 727 PRAEFATIO
1185 668 1263 726 xva

129 853 253 935 cuntur,
279 849 339 916 bas
366 850 496 936 quidem
519 840 768 916 offensiunculas
795 873 908 935 reapse
935 851 1041 915 nullas
1064 871 1134 915 esse
1157 872 1195 915 ex
1218 852 1264 915 eis

129 987 201 1051 puae
219 965 340 1031 subieci
359 966 537 1031 certissime
554 967 769 1051 cognoscitur.
787 964 873 1031 Nam
891 970 929 1032 ut
942 990 962 1031 a
975 965 1133 1050 principio
1148 965 1265 1051 ordiar,

129 1081 258 1168 saginae
280 1082 325 1147 35
345 1081 468 1167 primus
491 1104 602 1147 versus
626 1083 785 1167 scriptura
808 1086 914 1166 vacat,
941 1082 1068 1167 prologi
1091 1104 1120 1146 v.
1144 1083 1164 1147 8
1188 1085 1221 1146 et
1243 1083 1264 1145 9

129 1216 153 1262 n
174 1218 276 1262 unum
299 1197 458 1263 contracti
481 1200 559 1262 sunt
579 1197 703 1262 librarii
726 1220 843 1263 errore.
858 1197 954 1273 —-‚In
972 1197 1094 1284 pagina
1112 1198 1155 1262 36
1173 1219 1264 1283 prae·

129 1332 170 1377 ar
190 1312 318 1399 prologi
340 1317 407 1378 tres
430 1334 542 1377 versus
565 1292 724 1378 entremcs
747 1313 830 1377 nihil
853 1314 1021 1398 scriptum:
1044 1313 1199 1398 paginam
1224 1313 1264 1376 19

129 1430 195 1511 rost
215 1449 353 1495 vacuum
380 1429 521 1514 spatium
549 1428 645 1494 unius
669 1451 779 1494 versus
807 1451 924 1495 scaena
946 1429 1051 1514 prima
1073 1431 1210 1513 occupat
1233 1431 1264 1492 et

129 1543 279 1608 ecundae
300 1543 483 1629 inscriptio,
506 1565 603 1627 quam
626 1566 753 1609 rursum
776 1567 896 1610 vacuus
919 1567 1030 1610 versus
1053 1565 1138 1608 unus
1161 1544 1264 1628 sequi-

129 1679 180 1722 nr.
193 1696 236 1705 —
259 1657 403 1745 Paginae
426 1659 467 1724 37
492 1659 579 1725 iusta
601 1660 684 1724 ratio
709 1660 835 1724 abiecto
862 1682 973 1745 panno
1001 1662 1130 1724 constat
1153 1659 1264 1743 quiin

129 1771 276 1839 ?alatinis
311 1774 475 1860 integrum
506 1796 634 1840 versum
666 1760 740 1859 (Sin
767 1777 931 1840 iacacatore
962 1777 1012 1840 reis
1039 1772 1106 1861 ...1
1141 1774 1266 1860 peperit

129 1892 195 1973 post
217 1889 273 1954 72:
300 1911 376 1954 nam
404 1894 481 1955 item
508 1889 651 1955 additicii
679 1914 708 1956 r.
734 1891 784 1954 73.
809 1891 851 1955 74
879 1888 962 1975 (Aut
982 1892 1012 1956 si
1033 1891 1191 1956 demum

129 2003 276 2086 etNepuc
296 2025 346 2070 eoa
367 2007 511 2088 crstipuos
534 2003 601 2091 ..1
625 2027 666 2070 ne
689 2006 730 2070 ab
745 2005 962 2070 Ambrosiano
986 2006 1114 2089 quidem
1138 2006 1265 2070 absunt.

129 2154 161 2165 —
184 2118 225 2184 ln
248 2119 386 2206 paginas
408 2121 484 2200 Aa,
507 2120 567 2186 Bb
591 2121 736 2206 apprime
759 2121 957 2187 conveniunt
980 2121 1034 2206 qui
1062 2122 1148 2187 inter
1170 2144 1199 2186 v.
1222 2122 1266 2186 95
1310 2196 1312 2201 ¹

129 2239 151 2299 rt
175 2235 240 2300 172
262 2235 417 2321 leguntur
439 2258 495 2301 sex
513 2240 547 2301 et
565 2236 773 2322 septuaginta
792 2237 922 2301 senarii:
946 2238 1075 2322 quando
1094 2259 1154 2302 nec
1172 2260 1265 2301 versu

129 2350 182 2416 126
206 2345 335 2438 (Minoa
355 2352 565 2433 quadraginta
584 2401 590 2414 .
606 2401 613 2414 .
628 2349 651 2436 .)
674 2351 866 2436 breviorem,
888 2373 948 2417 nec
972 2357 1047 2438 post
1069 2376 1097 2418 v.
1115 2355 1175 2418 147
1199 2375 1265 2418 uno

129 2465 296 2531 mutierem
326 2465 426 2531 fnisse
458 2466 711 2531 Ambrosianum
743 2467 793 2530 vel
826 2468 991 2550 probabile
1024 2473 1074 2532 est
1103 2469 1153 2531 vel
1181 2472 1265 2532 certe

131 2580 218 2646 tllnm
241 2581 467 2646 necessitatem
490 2581 597 2646 habet.
617 2617 658 2627 -
679 2579 760 2646 Cum
784 2582 880 2646 aliam
904 2587 1001 2666 atque
1023 2583 1176 2667 vulgatur
1199 2604 1266 2646 ver-

140 2718 212 2762 rum
241 2696 482 2781 discriptionem
509 2700 579 2762 tum
606 2698 725 2762 multas
753 2698 992 2762 cotonariorum
1016 2696 1189 2761 divisiones
1211 2719 1266 2780 pa·

149 2834 214 2877 nae
239 2812 291 2876 29.
315 2812 366 2876 30.
389 2813 442 2877 45.
464 2814 517 2876 46.
536 2811 610 2877 253,
630 2813 696 2877 254
718 2813 853 2897 habent,
877 2814 993 2897 quibus
1017 2812 1142 2877 cantica
1165 2812 1265 2877 conti·

157 2931 239 2992 ntur
266 2927 360 2992 initio
388 2931 479 2991 aetus
507 2927 540 2991 ΙΙ
568 2928 684 3012 posita.
711 2927 855 3004 Quorum
878 2932 944 2993 tres
967 2928 1141 2993 versiculos
1165 2932 1265 2991 extre·

165 3066 188 3107 »s
209 3043 265 3127 qui
284 3043 448 3127 excipiunt
465 3044 500 3107 in
519 3044 640 3129 pagina
659 3044 725 3107 294
744 3045 926 3129 quindecim
946 3043 1133 3129 septenarii,
1156 3065 1267 3108 eorum

174 3181 202 3223 rs
224 3163 355 3223 tantum
378 3160 443 3223 312
461 3181 519 3243 per
537 3159 617 3224 duos
637 3181 747 3224 versus
766 3161 982 3224 continuatur.
1002 3197 1042 3205 —
1062 3159 1144 3223 Item
1163 3159 1266 3243 biper-

182 3297 196 3338 s
216 3274 338 3359 pagina
357 3274 399 3337 39
418 3273 517 3339 habet
535 3275 616 3339 duos
635 3275 708 3338 324.
728 3276 806 3357 3391
829 3276 950 3360 pagina
969 3277 1013 3339 49
1031 3297 1132 3339 unum
1151 3273 1267 3360 351*)3

188 3390 241 3453 'na
270 3390 287 3453 'l
317 3388 397 3454 duos
425 3389 498 3452 361.
527 3390 591 3453 369
625 3387 673 3474 (in
705 3390 851 3475 proxima
878 3392 964 3455 enim
992 3391 1120 3455 demum
1147 3390 1268 3475 pagina

198 3527 209 3568 s
233 3509 284 3569 est
306 3504 445 3569 insiticio
474 3528 503 3569 v.
522 3506 587 3569 366
610 3505 787 3587 Sementiua
808 3510 893 3568 cetos
912 3556 918 3568 .
934 3556 940 3569 .
956 3556 976 3590 .,
1004 3507 1038 3570 in
1065 3507 1137 3591 ipsa
1160 3511 1267 3571 autem

221 3621 328 3684 versui
355 3642 442 3684 nunc
470 3621 534 3683 369
564 3621 702 3701 Apicium
729 3621 864 3702 eloquere
883 3672 889 3684 .
905 3672 911 3685 .
927 3621 962 3707 .)3
991 3624 1111 3707 pagina
1139 3625 1158 3688 8
1187 3622 1268 3686 duos

223 3736 303 3818 3823
330 3735 451 3820 pagina
479 3736 544 3798 255
576 3737 660 3800 inter
692 3740 815 3820 septem
848 3737 1046 3821 septenarios
1077 3738 1155 3801 item
1188 3738 1268 3801 duos

222 3851 294 3915 388.
319 3888 360 3896 -
390 3851 430 3914 ln
452 3852 573 3936 pagina
596 3852 660 3915 236
684 3852 967 3917 undeviceuarium
990 3874 1160 3916 numerum
1183 3872 1266 3914 com·

232 3972 308 4031 ntea
331 3966 471 4031 ineditus
495 3989 523 4029 v.
546 3967 611 4029 499
636 3964 723 4051 (Non
747 3968 844 4030 hercle
866 3968 970 4030 arria-us
993 3964 1073 4052 ...:)
1096 3967 1183 4048 item,
1205 3965 1267 4029 hoc

240 4082 376 4146 maximo
404 4082 615 4165 quaternione
644 4083 831 4165 anticipem,
862 4082 897 4146 in
929 4082 1057 4167 paginis
1092 4081 1133 4144 15
1165 4085 1198 4144 et
1228 4083 1267 4144 16

267 4198 330 4261 ῖ46
364 4194 515 4282 (lectulos
547 4203 637 4280 alque
664 4196 730 4282 ...1
763 4203 795 4261 et
829 4199 891 4261 769
919 4196 1175 4281 (Meudumloeum
1209 4197 1268 4259 uli·

266 4311 363 4397 1.-
388 4312 426 4376 ln
451 4314 562 4379 eodem
586 4314 681 4377 tertio
702 4313 912 4395 quaternione
933 4316 969 4376 ut
986 4331 1120 4396 pergam
1143 4311 1183 4376 ad
1206 4312 1268 4376 hoc
1334 4331 1338 4338 ·

265 4449 357 4511 renus
385 4428 651 4511 exhauriendum,
684 4428 811 4511 paginis
839 4428 887 4488 (¹6
915 4432 946 4489 et
973 4426 1038 4490 Du
1063 4449 1135 4491 cum
1167 4429 1268 4492 conti-

281 4674 323 4726 ?de
343 4671 379 4726 ad
397 4690 461 4726 erim
482 4692 505 4727 v.
526 4673 668 4726 adnotata.

292 4810 326 4836 rm.
343 4799 360 4837 1.
378 4801 393 4835 1.
410 4798 553 4836 'l'riuummus
1037 4777 1055 4825 lt
