2932 5452
75 725 214 776 ssa-sm
556 719 741 774 APPENDIX
1158 721 1219 785 171

76 880 135 937 Ter.
141 897 217 950 pros.
228 881 269 936 ed.
279 898 305 935 a.
316 844 424 949 181111.
435 885 479 935 43.
505 881 536 935 V.
547 885 596 934 931
613 879 650 934 ad
664 896 744 946 reges
755 881 874 937 licinius.
895 884 969 952 apud
979 883 1100 952 remiges
1108 883 1221 937 Birtius

74 963 243 1031 1111134.
257 965 320 1017 119.
345 960 375 1015 V.
387 966 550 1015 9311111111]
561 960 632 1014 mihi
642 961 767 1015 Botbins.
784 962 826 1028 Os.
840 963 1038 1032 (laterauqerus
1048 964 1066 1017 l.
1075 980 1097 1016 s.
1107 980 1127 1017 s.
1134 980 1164 1032 p.
1175 968 1220 1017 60.

143 1046 205 1095 933.
225 1039 392 1110 Oppidaquo
415 1039 652 1094 circumuectabor
672 1039 792 1095 Reisius.
830 1042 941 1112 Oppida
959 1041 1222 1097 circumuectitabor

72 1121 200 1176 Balbine.
246 1118 360 1190 Oppidi
386 1120 546 1174 admittebat
578 1119 732 1192 Waqneras
766 1122 841 1175 Mus.
870 1121 958 1176 Rleen.
985 1122 1087 1175 XXII
1105 1139 1135 1191 p.
1160 1126 1223 1188 120,

74 1200 168 1256 omnia
176 1206 241 1271 post
256 1199 360 1254 circum
374 1200 492 1254 addebat
502 1199 654 1253 Muellerus
665 1200 743 1255 Pros.
751 1218 780 1268 p.
793 1204 830 1255 12
840 1203 915 1270 (past
924 1201 1028 1270 oppida
1043 1202 1222 1270 Vesinqiusl),

72 1283 132 1336 tum
141 1279 255 1335 Birtiua
265 1279 405 1349 ‘Elpides'
422 1279 463 1333 cd.
473 1297 498 1333 a.
509 1284 583 1334 1881
591 1296 620 1347 p.
632 1287 678 1336 59.
698 1281 740 1348 Os.
754 1282 893 1337 Vablenus
902 1281 997 1335 Hans.
1009 1282 1089 1337 XVI
1090 1283 1110 1334 1
1115 1298 1144 1349 p.
1156 1288 1222 1336 606.

74 1360 113 1416 Ae
129 1377 165 1415 aa
187 1367 251 1430 apta
272 1361 380 1429 quidem
403 1360 518 1414 additur
537 1357 661 1429 Oppida,
683 1363 732 1416 ubi
754 1379 811 1417 non
828 1364 913 1417 solam
935 1363 1054 1428 famam,
1076 1363 1122 1416 sed
1140 1363 1222 1415 amul

74 1456 142 1496 naas
160 1441 264 1509 oppida
281 1439 421 1495 manao
438 1439 525 1493 lacurn
543 1446 657 1509 quaerat
675 1442 829 1513 naaiqator.
851 1473 882 1481 -
902 1439 943 1495 ibi
961 1439 1096 1495 nobilitas
1114 1441 1220 1496 Dausa.

146 1525 247 1590 934sq.
266 1519 400 1589 Magnum
420 1518 598 1574 communibo
618 1519 763 1589 oppidum:
784 1522 809 1575 ci
828 1520 915 1590 Gripo
935 1536 988 1589 ego
1006 1520 1100 1574 indam
1120 1538 1221 1576 nomen

74 1600 201 1655 Botlu'us.
220 1631 253 1641 -
274 1598 312 1654 eii
326 1599 377 1666 (sic
392 1599 576 1668 Camerarius)
592 1599 653 1653 urbi
670 1616 722 1669 ego
737 1601 858 1656 Reicies.
887 1601 913 1655 ei
932 1617 999 1670 orgo
1018 1600 1081 1655 urbi
1097 1601 1221 1655 Gnietus.

74 1681 118 1737 De
136 1679 279 1750 Oppidum
298 1677 445 1747 (Vrbemi)
464 1679 610 1733 dubitabat
628 1679 778 1734 Muellerus
797 1682 874 1735 Pras.
894 1698 923 1750 p.
944 1687 988 1736 12.
1014 1684 1069 1735 432
1088 1697 1151 1735 rnoa
1169 1680 1220 1734 ibi-

76 1777 130 1830 que
149 1758 298 1814 instituam
316 1774 451 1827 magnam
465 1775 582 1828 regnum
602 1761 739 1827 traiciens,
757 1761 806 1814 ubi
824 1777 877 1828 que
896 1761 947 1815 del.
967 1760 1077 1814 Vossius
1091 1761 1124 1814 de
1137 1776 1221 1828 anap.

75 1841 126 1909 (od.
145 1839 226 1908 Ltps.
250 1856 277 1893 a.
300 1839 385 1905 1881)
405 1841 490 1907 1119
517 1856 541 1892 a.
566 1845 716 1893 931-936
744 1841 840 1893 alteru.
859 1846 944 1894 octon.
969 1846 993 1894 et
1015 1846 1113 1909 septen.
1137 1855 1220 1907 anap.

75 1919 234 1975 discriteus.
269 1918 310 1984 bs.
330 1918 556 1989 Sonrunburqius
575 1918 592 1973 1.
611 1935 632 1973 s.
650 1935 671 1974 s.
687 1936 718 1988 p.
736 1922 785 1986 23,
799 1921 836 1974 al.

147 2004 208 2053 333.
235 2015 307 2052 nunc
335 1997 463 2052 nidulum
491 1998 564 2051 huna
589 1998 711 2054 (inicius.
753 1998 879 2053 nidulum
905 1999 980 2052 hune
1008 2016 1080 2052 nune
1104 1998 1224 2054 Reieius.

79 2097 153 2144 nuno
181 2079 411 2148 hanspreadum
436 2078 637 2134 Fleckeisenus.
684 2078 814 2132 nidulum
837 2080 949 2133 admisit
972 2080 1123 2133 Muellerus
1147 2079 1225 2133 Pras.

72 2177 101 2229 p.
118 2164 162 2215 19.
182 2162 237 2214 115
250 2161 344 2227 (antea
357 2157 494 2213 instruere
513 2160 543 2212 in
557 2161 679 2213 mentem
694 2160 833 2226 traiciens)
848 2164 897 2213 aut
913 2158 1038 2212 nidulum
1053 2164 1104 2213 aut
1117 2158 1224 2212 aidlum

76 2239 240 2309 Spenqelius
260 2238 346 2305 ‘Refi'
363 2256 392 2308 p.
414 2244 468 2295 173
477 2241 543 2295 adn.
563 2241 609 2310 (af.
632 2239 661 2293 T.
685 2240 726 2291 M.
747 2239 778 2291 P.
795 2256 825 2307 q).
845 2242 905 2305 92).

147 2324 211 2373 931.
234 2334 384 2388 pransurus
407 2325 450 2372 est
474 2320 559 2388 atqua
584 2318 641 2373 sale
666 2319 727 2386 (del.
752 2318 810 2372 sine
830 2320 902 2373 bono
921 2319 1077 2388 pulmento)
1097 2319 1221 2388 l’qlades.

75 2396 137 2452 sule
156 2399 201 2453 est
217 2414 368 2467 pransurus
381 2398 506 2454 Botbius.
535 2398 579 2454 De
596 2415 677 2453 versu
695 2398 872 2454 lbacbalioni
887 2401 1069 2454 attribuendo
1087 2400 1226 2471 coqitabat

81 2478 172 2532 Valla.

150 2563 203 2613 933
213 2574 252 2627 sq.
281 2558 388 2626 Septen.
408 2560 491 2614 tract.
505 2562 640 2614 statuebat
655 2558 782 2623 Res'aius,
801 2560 865 2612 eerne.
881 2560 961 2612 iarnb.
979 2559 1130 2612 Muellerus
1147 2559 1226 2613 Pras.

73 2657 103 2708 p.
122 2644 177 2693 159
195 2639 260 2692 adu.
277 2640 354 2708 3(cf.
365 2656 394 2708 p.
410 2642 490 2706 2531)
514 2641 679 2694 adseretiente
698 2638 839 2706 aS'pereqelio
856 2638 940 2703 ‘Ilei’
959 2644 1069 2705 11190.
1091 2644 1159 2703 306,
1178 2641 1227 2706 qui

76 2720 145 2773 olim
164 2717 247 2772 Mitte
266 2718 350 2774 modo
369 2720 520 2773 clausulam
539 2736 671 2786 separans
695 2719 722 2772 T.
744 2721 784 2772 M.
806 2719 839 2770 P.
856 2736 886 2785 p.
908 2719 1226 2771 tausinanum

75 2800 144 2854 dim.
158 2799 354 2853 subiuruerat:
372 2817 427 2869 qua
441 2800 568 2853 clausula
581 2802 701 2853 aelrnissa
716 2800 887 2867 insequentia
899 2814 951 2866 pro
965 2802 1050 2852 oetan.
1067 2798 1147 2851 iansb.
1163 2815 1224 2851 aen·

76 2881 152 2934 ditat
174 2878 324 2947 Vesinqius.
345 2910 377 2919 —
402 2879 550 2935 rudentem
570 2897 651 2947 quam
672 2879 761 2932 trahis
781 2878 906 2946 Pylades.
932 2908 964 2916 —
989 2880 1017 2930 te
1036 2893 1085 2931 anu
1105 2877 1227 2944 Reieius,

78 2961 129 3029 pol
155 2960 282 3026 Weisius,
302 2976 366 3012 nam
385 2961 512 3015 Botleius.
537 2991 569 2999 -
594 2960 641 3013 ted
660 2958 800 3012 asliuuabo
819 2975 892 3010 nune
914 2957 1037 3010 Guietus.
1074 2960 1102 3010 ts
1123 2957 1226 3010 adiuuo

79 3040 236 3094 Muellerus
254 3039 464 3109 Spenqeliusque
486 3042 585 3096 vitiata
603 3039 745 3093 sententia.
765 3068 798 3076 -
819 3038 893 3104 quod
912 3037 982 3090 bons
1001 3038 1033 3089 fit
1052 3035 1132 3090 bonis
1151 3037 1226 3090 haud

77 3117 156 3189 perit
176 3119 305 3190 Pylades.
348 3119 429 3174 bonis
459 3120 528 3174 bena
552 3122 626 3188 quod
651 3120 682 3174 iit
708 3118 783 3173 haud
807 3117 880 3185 perit
898 3117 1018 3171 licinius.
1056 3116 1130 3170 haud
1154 3116 1227 3185 perit

76 3202 161 3256 bonis
181 3199 255 3269 quod
276 3201 344 3254 benc
364 3202 396 3253 fit
413 3201 591 3255 Herrnannns
609 3203 642 3254 ela
660 3205 734 3255 ructr.
750 3216 780 3268 p.
802 3202 864 3252 124.
903 3197 977 3265 qnod
1001 3197 1079 3250 bonis
1100 3198 1172 3251 Bene
1191 3199 1223 3250 fit

81 3280 161 3335 haud
179 3279 255 3350 perit
272 3296 405 3346 umquam
425 3280 547 3334 Gnietus.

152 3365 212 3413 940.
228 3359 373 3413 Lacaenam
388 3366 451 3414 ante
465 3357 578 3413 turbida
591 3360 726 3413 statuebat
742 3359 932 3412 Fleckeisenus
947 3363 1033 3412 oetan
1048 3358 1128 3410 iasub.
1144 3375 1227 3425 usque

76 3442 116 3495 acl
136 3458 159 3494 a.
176 3443 230 3494 944
249 3439 421 3493 continuares.
448 3470 480 3478 -
505 3441 657 3508 tempestas
677 3439 743 3491 here
767 3437 820 3490 suit
838 3439 963 3492 Botulus.
1001 3440 1154 3506 tempestas
1173 3437 1228 3492 fait

77 3521 142 3574 heri
166 3518 367 3573 Fleckeisenus.
414 3519 472 3573 heri
501 3520 655 3588 tempestas
679 3517 734 3571 fuit
761 3524 960 3585 cararneeaorat,
982 3535 1039 3572 nors
1062 3519 1227 3572 corana-naas

78 3600 248 3656 Ilitscbetius
269 3598 366 3668 Opusc.
387 3600 428 3653 11
439 3616 468 3667 p.
488 3604 557 3655 254.-
575 3601 609 3665 cs.
631 3599 785 3652 Muellerus
806 3598 884 3650 l'ros.
900 3614 930 3665 p.
951 3603 1013 3651 191).

152 3686 212 3733 942.
233 3679 276 3732 No
299 3677 377 3732 uides
401 3681 430 3746 (i.
451 3678 577 3747 uidesne)
596 3680 721 3733 Botbias.
760 3677 833 3729 Nasu
857 3677 942 3730 uiden
964 3678 1063 3744 recepit
1083 3677 1228 3731 Bereoistus

79 3768 150 3816 recte
167 3759 352 3827 improbatum
367 3758 958 3827 111111311011111111111111111911.
979 3788 1012 3796 -
1032 3759 1119 3810 retem
1137 3764 1229 3826 utpote

80 3843 180 3896 diserte
198 3839 270 3907 quod
286 3838 452 3907 Priscianus
470 3843 579 3892 testetur
595 3839 719 3907 plerique
735 3845 893 3906 receperunt
908 3838 1047 3905 (nonnulli
1062 3838 1141 3890 etiarn
1156 3838 1228 3890 alias

79 3921 246 3988 intulerunt)
264 3936 322 3973 non
344 3920 588 3974 arsimadoertentes
610 3920 699 3986 ipsius
720 3918 863 3971 Prisciani
886 3918 1071 3971 additamenta
1090 3923 1115 3970 et
1137 3918 1185 3969 leoc
1204 3922 1228 3969 et

81 4001 180 4057 retiam
199 4018 224 4056 a.
245 4005 301 4054 900
318 4001 422 4067 deberi,
440 4001 610 4068 antiquiores
628 3999 800 4068 qraraneatici
819 4003 940 4050 auctores
959 4013 1019 4050 cseru
1038 3996 1096 4047 rete
1115 3995 1228 4062 leqerint

81 4099 141 4137 cum
159 4081 261 4135 ceteris.

153 4165 216 4215 943.
236 4160 372 4214 sermonis
391 4161 433 4213 tui
452 4178 511 4214 sum
530 4157 660 4228 indigens
681 4158 802 4226 Pylades
821 4174 871 4211 ona
891 4172 988 4226 quam,
1013 4155 1084 4224 quod
1103 4171 1158 4208 non
1177 4155 1225 4208 ins-

78 4243 216 4311 probabat
234 4241 382 4295 Acidaliae
396 4258 424 4309 p.
446 4244 514 4293 141·
538 4240 587 4292 ubi
606 4257 689 4306 quom
709 4239 844 4291 Reutcrus
862 4255 946 4304 corr„
970 4239 1027 4290 tam
1046 4239 1110 4289 ante
1127 4234 1229 4303 edepol

81 4323 144 4376 add.
166 4322 291 4376 Guietus.

151 4407 213 4456 944.
233 4403 277 4453 me
297 4398 361 4453 odio
381 4416 430 4453 am.
451 4399 506 4453 iam
524 4400 658 4454 Gaetulus.
678 4430 711 4438 —
733 4398 791 4452 Iam
809 4397 931 4467 quisquis
946 4415 975 4450 os
995 4414 1039 4449 me
1054 4395 1119 4449 odio
1134 4395 1228 4449 enicas

82 4480 202 4536 Reicies.
240 4479 298 4532 Iam
324 4495 367 4532 me
392 4479 456 4534 odio
480 4479 606 4547 quisquis
627 4496 656 4532 cs
681 4480 772 4532 enicas
792 4479 947 4532 Beuoistus.
986 4476 1030 4529 Me
1051 4474 1115 4529 odio
1134 4474 1228 4529 enicas

83 4559 138 4614 iam
157 4558 285 4628 quisquis
312 4575 341 4613 es
363 4560 516 4614 Maelleras
539 4560 616 4613 Pras.
636 4576 666 4627 p.
686 4560 823 4614 153111.
847 4574 903 4610 non
922 4557 1079 4625 improbans
1102 4557 1229 4610 creticam

84 4656 244 4694 mensuram.
291 4638 392 4692 Enicas
412 4641 463 4706 det.
484 4640 644 4709 Spenqelins
665 4641 751 4706 ‘Retl'
771 4656 799 4706 p.
819 4643 874 4691 306
883 4654 921 4705 sq.
943 4669 973 4676 -
994 4654 1023 4690 es
1043 4654 1092 4692 ons.
1113 4639 1229 4691 Guietus

85 4723 123 4786 (ot
140 4721 176 4787 cs.
198 4719 313 4773 Olsenas
333 4720 350 4773 l.
369 4735 391 4773 s.
411 4736 431 4774 s.
447 4737 477 4787 p.
498 4722 544 4786 35)
569 4722 682 4787 itemque
702 4735 769 4786 ego,
792 4717 856 4770 hinc
877 4717 1001 4787 Pylades.
1041 4734 1093 4786 ego
1118 4718 1183 4770 hinc
1201 4721 1229 4771 tc
1274 4748 1280 4760 ·

85 4798 158 4853 abira
178 4801 242 4856 lsai.
262 4800 387 4855 Botleius.

154 4886 214 4935 915.
236 4882 342 4950 (mane)
357 4877 466 4934 caussis
481 4880 562 4935 malo.
583 4879 640 4935 Gn.
661 4879 728 4949 quid
745 4880 851 4935 ‘doetus
864 4879 1028 4933 aetolescens’
1046 4877 1122 4946 apud
1137 4875 1227 4930 Toub-
