2932 5452
157 367 201 407 xu
627 335 834 392 palasano

157 505 283 569 τούτοιε
316 502 443 569 ἐπενόει
477 504 527 568 καὶ
559 503 617 567 τὸν
649 500 760 567 ἄθλιον
793 500 958 567 ἀπώλλυε·
991 501 1079 566 κύειν
1111 522 1147 567 τε
1175 500 1234 579 γὰρ
1262 500 1289 565 ἐξ

159 612 258 678 αὐτοῦ
291 615 458 692 εκήπτεται
491 612 523 674 et
559 615 655 674 antea
694 631 762 695 cap.
796 609 836 674 13
868 608 949 674 haec
986 611 1101 673 extant
1137 606 1292 672 simillima

158 741 187 784 v.
207 718 354 784 26-30:
379 721 465 797 δεινὴ
490 720 525 782 δέ
544 718 595 780 καὶ
614 717 653 782 τὰ
672 716 755 782 ἄλλα
773 721 922 797 τεχνῖτιε,
941 715 1022 796 παρ’
1045 716 1086 795 ἣν
1105 736 1179 781 τινα
1197 716 1294 795 βοιίλει

158 828 224 889 τῶν
257 824 393 902 ἑταιρῶν
426 824 650 890 ἐπιτπάεαεθαι
678 826 825 903 ἐραετήν,
859 824 910 888 καὶ
938 821 1123 903 ἀμφίβολον
1151 822 1198 887 ἔτι
1225 821 1296 887 ὄντα

158 932 238 996 ὅλον
266 932 530 1012 ὑποποιήεαεθαι,
559 934 609 996 καὶ
632 931 827 1012 ἐνεχόμενον
853 932 915 1011 ἤδη
943 931 1102 995 ἐπιτεῖναι
1129 930 1183 995 καὶ
1210 950 1297 1009 προτ-

159 1042 304 1104 εκκαῦεαι
338 1038 406 1118 ἄρτι
440 1042 497 1117 μὲν
530 1039 610 1124 ὀργῇ
644 1037 712 1118 ἄρτι
746 1041 781 1103 δέ
814 1037 964 1120 κολακείᾳ
995 1037 1049 1101 καί
1081 1037 1163 1117 μετὰ
1195 1037 1297 1116 μικρόν

158 1147 319 1232 ὑπεροψίᾳ
329 1145 354 1232 ¹)
388 1148 437 1211 καὶ
469 1153 515 1230 τῷ
547 1149 628 1226 πρὸ(
662 1149 773 1226 ἕτερον
806 1145 991 1210 ἀποκλίνειν
1024 1149 1136 1209 δοκεῖν
1164 1145 1217 1209 καὶ
1245 1143 1298 1222 tta

159 1253 404 1333 ευνεκεκρότητο
437 1255 663 1335 ἁπανταχόθεν
701 1256 719 1334 ἢ
753 1255 832 1331 γυνὴ
867 1253 916 1317 καὶ
949 1251 1058 1316 πολλὰ
1096 1251 1298 1330 μηχανήματα

159 1362 391 1440 παρεεκεύαετο
416 1362 496 1426 κατὰ
518 1365 584 1426 τῶν
608 1363 758 1441 ἐραετῶν.

247 1468 335 1533 Haec
358 1468 434 1533 data
458 1469 626 1533 occasione
647 1468 768 1551 partim
792 1467 960 1532 refutanda
984 1465 1109 1550 partim
1132 1462 1299 1548 repetenda

158 1575 233 1639 duxi
258 1598 322 1639 non
346 1576 419 1658 nrei,
443 1576 498 1639 sed
521 1576 567 1640 rei
590 1577 704 1660 gratia.
738 1574 808 1639 Iam
828 1596 904 1638 vero
923 1572 1076 1637 accedam
1096 1571 1136 1636 ad
1154 1570 1200 1655 id,
1222 1568 1296 1655 quod

160 1706 232 1747 cum
266 1683 406 1747 maxime
436 1684 598 1769 agendum
631 1689 681 1747 est
711 1682 773 1747 hac
797 1680 1013 1766 praefatione,
1042 1684 1081 1744 nt
1104 1679 1154 1745 rei
1177 1679 1296 1744 criticae

160 1790 305 1855 subsidia
329 1813 488 1875 quaenam
514 1790 622 1855 adsint
645 1796 678 1856 et
696 1791 856 1876 quomodo
876 1789 987 1854 habita
1003 1788 1080 1872 sint,
1103 1788 1203 1872 paulo
1218 1807 1294 1852 accu-

160 1898 263 1961 ratius
289 1897 468 1981 explanem.

247 2005 279 2068 A
301 2004 506 2088 palimpsesti
519 2006 699 2070 'dolendum
719 2009 769 2071 est
787 2006 872 2091 quod
891 2005 937 2069 nil
957 2005 1024 2069 fere
1042 2005 1109 2069 nisi
1127 2024 1211 2069 unns
1228 2021 1293 2085 qna-

159 2111 264 2175 ternio
293 2110 349 2175 LX
379 2134 416 2176 ac
443 2134 483 2176 ne
511 2113 539 2176 is
569 2113 698 2197 quidem
726 2114 852 2197 integer
880 2114 1026 2177 servatus
1050 2115 1111 2175 est.
1160 2108 1242 2175 Nam
1265 2112 1293 2170 et

160 2219 327 2301 quaternio
357 2217 431 2282 LIX
454 2218 635 2284 Trinummi
664 2220 786 2284 exitum
813 2220 886 2284 iude
915 2242 934 2283 a
961 2220 1196 2284 alciacum
1222 2215 1290 2279 'Irn-

160 2325 278 2390 culenti
310 2325 404 2392 initio
434 2349 534 2410 usque
564 2327 603 2390 ad
634 2350 661 2391 v.
688 2328 751 2391 110
779 2328 996 2410 complectens
1024 2330 1116 2390 totus
1145 2324 1238 2409 periit
1262 2324 1289 2385 et

160 2420 386 2517 quaterniones
401 2433 474 2497 LXI
498 2440 530 2499 et
544 2433 635 2500 LXII
659 2435 785 2517 desunt,
808 2435 863 2518 qui
887 2435 965 2499 olim
989 2456 1103 2499 versus
1126 2427 1286 2499 391-946

160 2542 356 2605 continuisse
388 2540 547 2605 videntur.
593 2541 672 2605 Eius
701 2544 809 2605 autem
837 2541 909 2605 folii
937 2540 1161 2626 quaternionis
1188 2533 1287 2615 LXIII,

160 2648 245 2731 quod
275 2648 316 2710 22
346 2647 399 2730 qui
427 2649 554 2711 restant
581 2670 693 2712 versus
719 2645 923 2731 (ear-968)
947 2647 1025 2711 olim
1051 2644 1209 2726 exhibuit,
1228 2662 1286 2725 per-

159 2776 278 2836 paucas
313 2755 446 2818 lacinias
483 2756 693 2819 Studemunrli
727 2778 861 2819 acumen
890 2754 1024 2840 agnouit
1052 2753 1091 2818 de
1119 2753 1230 2837 quibus
1253 2746 1284 2812 ad

159 2883 187 2924 ν.
211 2861 275 2922 oto
306 2863 423 2926 monui.
470 2861 540 2927 Hoc
568 2863 638 2927 loco
667 2886 765 2926 unum
796 2862 910 2926 addam
938 2898 974 2906 —
1000 2883 1078 2925 nam
1101 2860 1283 2943 singularum

159 2967 341 3029 litterarum
362 2969 527 3051 memoria,
551 2970 615 3032 nisi
634 2970 738 3055 ignoti
754 2969 876 3052 aliquid
891 2968 964 3032 inde
980 2968 1145 3051 discimus,
1168 2967 1205 3030 ad
1222 2985 1284 3047 apo·

160 3073 318 3155 graphunr
350 3077 504 3158 pertinet,
536 3098 602 3140 non
633 3077 674 3140 ad
706 3077 880 3140 editionem
912 3113 948 3121 -
980 3076 1143 3158 duplicem
1174 3072 1283 3139 fabulae

159 3181 336 3244 clausulam
369 3186 401 3245 et
434 3206 461 3246 ν.
486 3183 549 3246 967
584 3187 617 3246 et
645 3205 673 3245 v.
701 3183 764 3247 968
793 3182 827 3245 in
854 3183 886 3246 A
916 3204 1042 3266 quoque
1074 3181 1229 3261 extitisse,
1255 3184 1284 3240 nt

160 3287 291 3351 omnino
315 3289 473 3371 —quood
498 3312 647 3353 versuum
672 3291 869 3373 computatio
894 3288 1021 3352 institui
1047 3292 1156 3371 potest
1177 3287 1284 3351 ratione

158 3392 272 3457 habita
308 3401 341 3458 ct
378 3420 526 3460 versuum
559 3397 790 3479 bipartitoruin
825 3400 857 3460 et
889 3396 1141 3479 inscriptionum
1172 3431 1212 3440 —
1241 3394 1286 3456 aut

159 3520 371 3529 ——-.-

232 3594 257 3645 1λ
278 3590 349 3644 Hinc
372 3591 490 3644 alioruin
515 3588 696 3658 suspitionem
721 3588 846 3643 stabilivi
864 3608 888 3644 v.
909 3595 943 3642 ‘29
963 3591 1027 3657 post
1045 3587 1198 3642 blanditias
1216 3596 1287 3653 atque

158 3668 317 3722 iracundias
343 3673 415 3737 (ἄρτι
440 3673 488 3733 μὲν
513 3672 582 3737 ὀργῇ
608 3672 669 3735 ἄρτι
694 3672 723 3722 δὲ
749 3670 888 3738 κολακείᾳ)
916 3668 984 3723 olim
1003 3669 1159 3735 ὑπεροψία(
1177 3667 1287 3721 extitisse

159 3749 314 3814 notionem,
344 3768 398 3816 qno
423 3750 527 3802 ducunt
554 3751 808 3816 cronodromonis
831 3748 952 3802 litterae.
990 3751 1064 3803 Ante
1088 3747 1183 3802 omnia
1208 3749 1289 3800 auten

158 3830 239 3881 tcueo
259 3846 348 3895 neque
368 3829 414 3883 hic
434 3830 528 3882 inferri
549 3830 650 3883 dcbcrc
670 3848 761 3898 neque
781 3830 845 3883 dein
866 3830 943 3897 (quid
959 3830 1156 3896 perierandum
1170 3834 1217 3891 cet)
1234 3823 1290 3879 ferri
1325 3832 1329 3839 '

157 3925 238 3977 posse
266 3910 464 3977 gerundivum,
494 3910 541 3963 sed
569 3912 636 3978 qaid
660 3912 803 3978 perierant
833 3910 896 3962 duan
921 3909 1099 3963 scribendum
1125 3925 1182 3963 esse
1207 3910 1290 3974 (atque

152 3991 283 4057 perieras
307 3992 372 4044 είιιιιι
396 4008 429 4043 ex
449 3989 476 4042 B
494 3992 613 4044 testatus
638 3992 681 4044 est
700 3991 847 4044 Loewiusl.
886 3990 959 4043 Nam
984 3991 1013 4042 et
1036 4005 1107 4056 qnae
1135 3986 1291 4042 antecedunt

158 4071 186 4120 et
206 4086 276 4135 cquae
292 4073 423 4123 secuntur
438 4088 499 4123 curn
516 4071 707 4124 demonstrent
721 4072 807 4124 verba
824 4075 889 4138 quot
910 4071 966 4122 illic
980 4069 1134 4123 tlnadrtiue
1152 4069 1203 4122 cet.
1218 4080 1290 4133 agere

157 4148 190 4199 dc
208 4150 401 4203 meretricis
422 4151 565 4204 blanditiis
585 4151 734 4204 iracundiis
750 4148 1023 4214 ex01·abulis,locun1
1043 4166 1100 4201 non
1115 4148 1291 4202 hebetiorum

158 4242 227 4290 quac
248 4229 313 4294 quid
333 4231 463 4282 ornanti
487 4231 523 4283 sit
543 4231 692 4298 exprimat:
723 4232 771 4285 seu
795 4231 880 4284 etiam
905 4228 1052 4298 superbiae
1073 4231 1103 4282 et
1122 4227 1289 4298 perieratinn·

156 4305 235 4356 calar>
252 4309 402 4361 meretricis
419 4314 489 4364 sunt.
529 4311 676 4364 I'rueterea
692 4312 842 4379 ‘praetor
858 4324 973 4361 munera
987 4308 1140 4377 perierarc'
1158 4325 1227 4377 nego
1241 4308 1287 4361 sine

156 4383 281 4436 artificiis
305 4387 437 4454 explicari
460 4408 541 4457 posse
566 4391 610 4455 (cf.
631 4391 692 4445 Act.
718 4409 772 4445 soc.
793 4389 861 4458 phil.
881 4388 958 4458 Lips.
977 4391 998 4442 t.
1019 4389 1044 4441 II
1064 4408 1091 4458 p.
1113 4394 1188 4458 t‘lfllz
1217 4390 1286 4442 immo

151 4468 244 4531 preter
263 4463 360 4516 cadem
380 4468 487 4520 rationo
508 4471 669 4537 conuptnm
689 4472 733 4525 est
752 4487 808 4539 qua
827 4487 852 4523 ν.
873 4474 906 4523 ‘28
927 4470 1073 4525 bloraditcr.
