2932 5452
159 358 184 410 X
630 353 839 409 susannam

158 519 310 583 Plautum
330 541 441 584 omues
461 519 676 585 consentiunt.
715 519 742 582 Α
763 540 828 603 quo
848 517 1041 603 quinetiam
1059 539 1261 603 personatui

157 626 314 692 nomina
336 626 518 710 retinuerit,
542 631 682 691 nonest
706 625 791 710 quod
814 624 1016 690 dubitemus:
1039 625 1153 691 omnia
1171 626 1261 692 enims

158 733 286 798 facilem
315 736 348 797 et
376 737 489 818 aptum
518 733 715 817 explicatum
743 733 879 817 habent,
908 733 948 797 ab
977 753 1043 797 uno
1065 730 1261 818 Plesidippoi

85 847 93 861 '
159 840 344 905 discesseris
367 839 460 904 nobis
485 845 570 905 certe
594 841 741 906 obscuro.
779 839 872 917 Quod
896 860 971 905 cum
992 860 1062 905 non
1084 838 1189 905 verius
1205 860 1261 924 quu

160 947 216 1010 alii
244 945 392 1029 expedire
423 945 601 1033 possim*),‚
634 947 688 1011 vix
718 946 781 1011 hoc
814 945 886 1012 loco
914 947 1261 1030 commemorarem,ni

159 1075 262 1136 nuper
285 1053 383 1117 etiam
406 1054 440 1118 in
464 1054 566 1119 altera
584 1051 700 1119 Militis
724 1053 860 1138 gloriosi
883 1051 1025 1118 editione
1043 1076 1075 1139 p.
1095 1052 1117 1118 5
1136 1052 1261 1119 Loremio

158 1160 413 1225 chvos'dcmcov
437 1161 635 1245 appellasset
658 1164 690 1225 ct
709 1183 780 1226 cum
800 1159 962 1225 Pleusicls
980 1160 1180 1226 contulisset
1211 1160 1261 1237 Qus

160 1267 293 1332 nomina
316 1268 412 1352 longe
436 1267 502 1332 alia
525 1267 652 1332 ratione
675 1268 761 1332 inter
785 1289 820 1332 se
842 1267 1020 1334 cohaerent
1042 1289 1147 1353 neque
1168 1266 1261 1333 sessu

158 1374 261 1437 vicem
285 1374 464 1458 illustrant,
488 1373 544 1439 sed
563 1374 724 1458 quomodo
743 1374 858 1439 vitium
878 1394 917 1439 ex
935 1373 1017 1440 vitio
1036 1373 1161 1441 oriatur
1177 1374 1261 1440 denos

161 1483 277 1544 strant
322 1478 350 1544 E
373 1480 534 1545 Pleusicle
559 1481 644 1544 enim
668 1503 740 1546 eum
763 1479 928 1545 Pleusides
951 1481 986 1544 in
1008 1479 1128 1546 Militis
1151 1479 1261 1546 memori

157 1586 263 1651 factus
292 1590 391 1670 essct,
422 1586 503 1652 haec
530 1588 602 1672 ipsa
634 1586 740 1653 forma
772 1587 891 1652 vitiosa
917 1585 1099 1673 Plesidippi
1128 1586 1261 1653 numeni

160 1691 308 1756 Rudente
334 1693 455 1773 effecit,
484 1697 522 1758 ut
544 1693 771 1778 Pleusidippus
799 1694 899 1758 fieret
943 1692 1030 1758 Nam
1053 1694 1145 1760 illam
1165 1693 1261 1760 fomur

159 1799 280 1864 dudum
294 1805 371 1884 post
385 1799 628 1865 Fleckeisenum
644 1822 681 1864 ex
692 1799 903 1866 Ambrosiani
917 1821 1078 1865 consensu
1093 1823 1164 1867 curn
1176 1801 1261 1887 potior

160 1904 291 1969 Veteris
310 1904 544 1992 Decurtatique
562 1908 702 1972 lectione
721 1906 881 1972 stabilivit
895 1905 1096 1973 Ritsehelius
1111 1902 1261 1994 (Opuscll

158 2035 190 2096 p.
213 2008 308 2097 327),
336 2035 356 2076 a
383 2036 446 2097 quo
476 2036 532 2078 cur
560 2036 670 2078 rursus
695 2013 851 2079 desciscat
878 2013 1041 2080 rationem
1068 2037 1170 2100 neque
1190 2011 1261 2080 stuli·

156 2141 261 2204 nequo
284 2120 398 2184 afferre
421 2121 530 2204 potuit
552 2121 737 2186 Lorenzius.

245 2226 314 2290 Iam
343 2249 419 2292 vero
448 2227 486 2291 de
515 2227 588 2292 aliis
617 2228 713 2293 huius
741 2226 873 2294 fabulae
897 2229 1093 2314 corruptelis
1120 2230 1261 2315 priusqam

156 2334 313 2398 nonnulla
337 2356 543 2418 componam,
572 2335 611 2399 de
640 2334 785 2400 codicum
814 2334 969 2401 subsidiis
994 2337 1173 2402 accuratius
1193 2335 1261 2400 dicen

158 2441 232 2505 dum
256 2442 327 2506 erit.

247 2547 295 2612 De
323 2549 355 2612 A
389 2548 474 2633 quod
502 2548 701 2613 Ritschelius
735 2549 910 2633 exemplari
939 2572 998 2616 suo
1027 2551 1189 2636 inscripsit
1211 2545 1261 2610 ‘lo

157 2656 262 2720 dentis
291 2654 508 2720 emendationi
538 2656 579 2720 ab
608 2651 827 2720 Ambrosiano
856 2654 964 2721 codice
992 2678 1060 2721 non
1088 2651 1261 2722 mutuno

159 2761 327 2847 praesidii’
357 2763 504 2845 quamvis
532 2784 643 2826 verum
674 2763 730 2845 sit,
758 2765 868 2826 tamen
891 2763 964 2847 plus
988 2764 1105 2828 saltem
1130 2784 1213 2849 quam
1228 2755 1261 2820 illl

158 2869 238 2933 olim
262 2872 487 2933 autumaveret
506 2869 632 2933 efficere
656 2891 839 2953 possumus.
876 2867 947 2944 Quo
972 2872 1079 2956 magis
1103 2871 1190 2936 doleo
1208 2858 1261 2950 qumi

158 2999 289 3060 operam
323 2998 428 3041 meam
459 2977 545 3041 intra
578 2979 701 3060 septem
735 2976 815 3042 folia
847 2977 1013 3042 continere
1047 2984 1174 3044 coactus
1200 2987 1261 3045 erem:

157 3105 239 3167 quae
263 3087 296 3147 et
319 3083 501 3166 chpertus
525 3084 558 3148 in
582 3083 721 3148 editione
746 3085 817 3149 sola
839 3089 1029 3168 respexerat
1051 3092 1085 3151 ct
1109 3078 1261 3151 Ritschclius

156 3191 189 3255 in
213 3191 399 3256 collatione:
429 3190 484 3254 ubi
514 3213 585 3255 eum
615 3213 653 3256 ex
677 3192 782 3256 tribus
811 3191 912 3275 foliis,
941 3215 1024 3276 quae
1047 3197 1085 3258 ut
1107 3193 1194 3259 nimis
1211 3183 1261 3249 till·

127 3316 134 3331 ·
157 3303 266 3363 cerata
285 3302 382 3381 atque
401 3298 571 3382 desperata
585 3299 633 3363 illi
650 3299 746 3363 solito
763 3320 851 3362 more
866 3320 931 3364 non
947 3301 1120 3386 attigerint
1134 3298 1183 3386 (cf.
1196 3282 1261 3380 praef·

157 3402 302 3471 ltercat2
335 3431 366 3486 p.
389 3402 499 3488 Vlll),
532 3405 687 3489 quaedam
722 3405 836 3469 saltem
867 3427 934 3469 nou
963 3407 1094 3473 inutilia
1122 3403 1261 3490 expiscatus

156 3511 227 3595 sim,
252 3512 389 3576 fortasse
414 3511 513 3575 etiam
538 3512 576 3575 de
591 3513 732 3596 quinquo
748 3532 828 3593 quae
848 3516 973 3576 restant
987 3511 1132 3600 foliis**)
1146 3501 1261 3577 valdcdt

157 3619 243 3682 tritis
263 3618 348 3682 idem
368 3619 567 3702 contigisset.
602 3618 664 3684 Sed
684 3619 837 3702 quoniam
856 3618 919 3684 hoo
937 3621 1071 3686 omnino
1091 3643 1156 3686 non
1172 3604 1261 3704 potent

156 3728 303 3808 spectare
327 3726 388 3790 nisi
414 3725 454 3790 ad
480 3748 590 3790 versus
619 3747 811 3811 perpaucos,
842 3747 908 3789 non
932 3730 1002 3791 erat
1025 3729 1111 3812 quod
1134 3728 1261 3811 propere

156 3831 330 3895 editionem
363 3833 418 3897 diu
451 3837 651 3916 expectatam
686 3833 807 3896 diutius
840 3833 1024 3900 retinerem.
1074 3833 1122 3899 De
1154 3833 1261 3898 univers

158 3941 267 4000 autem
300 3939 425 4002 ratione
459 3939 573 4003 harum
606 3939 832 4024 reliquiarum,
869 3942 905 4002 ut
938 3938 999 4005 hoc
1036 3939 1107 4006 loco
1140 3939 1261 4023 disputo

224 4080 327 4087 —-.-..-
359 4082 368 4086 -

228 4156 254 4221 *l
274 4155 346 4207 Nam
361 4174 395 4209 ne
411 4175 442 4209 cx
459 4158 561 4224 Πλῆξις
576 4158 664 4212 forma
679 4158 805 4213 breviore
821 4176 854 4212 ex
867 4160 1021 4232 Πληξίππῳ
1035 4159 1185 4214 derivanda
1197 4157 1261 4212 iteru

157 4234 345 4303 compositum
366 4252 424 4288 csse
440 4238 635 4304 Πληξίὸιππον
654 4240 763 4306 credas,
783 4240 812 4292 ot
831 4240 891 4308 ipso.
910 4240 1088 4295 formationis
1106 4237 1243 4295 insolentia

157 4333 169 4367 s
189 4333 238 4383 pro
259 4316 273 4379 ξ
292 4330 469 4383 nequaquam
489 4317 626 4371 similibus
646 4319 781 4388 exemplis
801 4320 945 4373 fulcienda
965 4320 1164 4389 impedimento
1182 4320 1243 4371 sunt.

210 4394 251 4461 *ἢ
277 4394 429 4450 Duodecim
454 4397 528 4451 enim
552 4399 631 4465 folia,
658 4415 712 4453 non
736 4400 864 4453 undecim
890 4402 933 4469 (ut
957 4397 1128 4456 ltitschelius
1152 4404 1242 4469 opusc.

155 4495 180 4544 p.
201 4482 253 4529 ‘319
279 4478 452 4547 memorat),
477 4478 512 4532 ad
533 4477 689 4533 ltrulcntem
713 4480 851 4549 pientiuerc
873 4482 1029 4551 Geppertus
1053 4480 1149 4537 docuit
1170 4481 1212 4550 (de
1232 4487 1261 4531 ct
