2932 5452
500 1603 856 1679 PRAEFATIO

192 1936 285 2013 Quod
309 1938 373 2002 iam
390 1937 620 2002 Truculentum
644 1940 758 2005 emitto
783 1942 989 2027 fabulamque
1012 1947 1157 2011 omnium
1177 1970 1244 2012 eor-

99 2045 324 2128 ruptissimam
353 2046 491 2128 primam
521 2046 600 2110 mihi
629 2048 856 2112 recensendam
886 2052 1023 2134 sumpsi,
1056 2075 1121 2117 non
1149 2055 1244 2120 modo

100 2173 173 2215 meo
206 2152 313 2216 studio
346 2152 460 2216 ductus
488 2153 629 2235 institui,
662 2154 717 2217 sed
752 2155 849 2219 etiam
879 2156 946 2222 eius
976 2159 1156 2242 voluntate,
1190 2164 1244 2244 qui

97 2258 228 2323 omnino
244 2259 338 2324 huius
352 2281 470 2343 operae
480 2265 611 2324 nostrae
622 2265 734 2325 auctor
744 2284 920 2346 suasorque
931 2265 1049 2347 extitit,
1061 2265 1243 2333 FulnumcI

97 2364 313 2433 anscunnu.
466 2362 471 2368 ’

188 2474 226 2539 ld
246 2496 302 2539 cur
320 2475 381 2540 hoc
399 2476 470 2540 loeo
490 2477 706 2559 praemittam,
729 2478 845 2561 duplex
870 2479 948 2543 milri
968 2503 1064 2544 eausa
1084 2485 1145 2545 est:
1168 2469 1243 2547 nam

98 2604 172 2646 cum
205 2582 254 2645 vir
283 2583 378 2647 nobis
410 2582 706 2665 coniunctissimus,
744 2585 833 2648 ouius
866 2587 1042 2668 plurimum
1075 2589 1159 2670 apud
1192 2613 1242 2654 me

97 2690 276 2753 auotoritas
305 2691 417 2773 pollet,
445 2712 498 2753 eas
527 2690 636 2772 potius
665 2691 839 2755 desiderari
868 2692 996 2756 fabulas
1020 2695 1137 2777 innuit,
1162 2720 1241 2779 quas

97 2797 270 2862 nemodum
295 2803 454 2881 apparatu
478 2797 590 2862 critico
610 2797 784 2860 instructas
809 2798 968 2881 edidisset,
993 2804 1060 2862 tum
1086 2824 1158 2865 vero
1179 2803 1242 2868 fnit

96 2905 154 2988 qui
184 2905 310 2988 publice
342 2905 568 2988 pronuntiaret
603 2904 816 2968 ltitschelinm
850 2905 1106 2989 improbaturum
1142 2908 1241 2972 fuisse

97 3011 208 3102 studiav
234 3034 307 3076 mea
334 3013 367 3076 in
391 3011 588 3076 Truculento
618 3009 767 3096 posita¹)
814 3013 915 3088 Quem
939 3013 1073 3097 dignum
1096 3037 1160 3080 non
1183 3016 1240 3080 ha·

95 3119 206 3183 berem
236 3120 287 3184 eui
314 3116 592 3204 responderem2),
618 3119 681 3182 nisi
706 3118 876 3183 Ritsohelii
906 3122 1036 3185 nomine
1065 3123 1184 3186 abusus
1208 3129 1240 3188 et

170 3334 195 3400 1)
214 3331 371 3387 Friderions
395 3330 566 3384 Schmidtins
592 3329 730 3400 ρ(1111111.
757 3329 810 3399 gel.
831 3329 909 3384 Α11,’
931 3349 954 3384 1.
978 3338 1045 3388 1877
1071 3353 1095 3403 p.
1117 3340 1168 3389 959
1184 3353 1237 3404 sq.:

96 3412 195 3467 ‘Wohl
220 3411 352 3466 niemand
376 3410 559 3466 vernrtheilte
587 3410 632 3463 ein
658 3408 768 3464 solches
787 3410 943 3466 Verfahren
968 3414 1089 3468 1111111111
1115 3415 1158 3468 als
1182 3416 1238 3483 der,

95 3493 161 3548 dem
180 3493 255 3547 dieae
271 3489 375 3548 Schrilt
393 3491 544 3561 gowidmet
562 3490 607 3556 ist,
627 3490 677 3543 der
695 3508 790 3557 prosse
806 3492 920 3547 Meister
935 3511 981 3547 mn
1000 3495 1098 3550 descen
1113 3495 1172 3549 'l'od
1189 3496 1239 3549 wir

90 3573 165 3643 jetzt
184 3574 238 3627 alle
257 3577 380 3641 tranem,
399 3570 542 3626 Friedrich
561 3570 680 3635 ltitschl,
701 3571 749 3624 der
768 3571 797 3624 in
817 3573 907 3627 seiner
925 3575 1029 3629 letzten
1049 3573 1239 3644 Abhandlung

92 3653 124 3707 in
143 3653 249 3707 seinem
268 3653 457 3707 Rheinischen
475 3652 602 3706 Muaeuru
621 3651 679 3704 sich
700 3650 840 3705 tiber'den
865 3653 1015 3708 ditnischen
1041 3654 1164 3709 Krit-iker
1188 3655 1238 3710 So-

93 3734 166 3803 phus
176 3734 272 3803 Bngga
284 3751 315 3788 so
330 3736 437 3787 tussert
451 3776 457 3787 .
469 3776 474 3786 .
487 3778 492 3788 .
507 3774 513 3785 .
529 3732 637 3786 ltitsohl
651 3730 756 3784 kannte
772 3730 813 3782 als
831 3747 861 3784 cr
874 3731 934 3785 dies
950 3733 1060 3787 schrieb
1075 3733 1119 3787 die
1135 3733 1239 3790 Schrift

93 3813 184 3866 aeines
204 3813 333 3868 Schfllers
352 3813 450 3867 nicht'
489 3813 549 3867 Hoc
569 3812 665 3865 contra
687 3809 835 3863 veritatem
861 3811 931 3863 dixit
958 3812 1142 3867 Schmidtius:
1172 3833 1237 3868 nam

93 3909 188 3947 menae
207 3893 365 3962 Septembri
384 3925 419 3934 —
438 3911 493 3961 quo
516 3893 595 3946 illam
620 3889 697 3943 dedit
720 3889 869 3958 epistulam
893 3890 1066 3944 Ititschelius
1085 3924 1117 3930 -
1139 3893 1237 3947 disser-

94 3973 231 4027 tationem
251 3974 437 4042 Lipsiensem,
461 3990 532 4041 quae
552 3973 649 4025 eodem
668 3974 795 4038 tempore
814 3970 870 4022 iam
889 3970 1106 4039 imprimeretur,
1132 3972 1235 4026 dudum

93 4052 206 4107 novisse
229 4053 420 4108 universitatis
438 4053 591 4123 Lipsiensis
613 4049 789 4121 philologum
808 4048 970 4118 primarium
990 4051 1019 4103 et
1037 4051 1107 4104 scire
1127 4053 1237 4120 poterat

94 4136 124 4186 et
138 4131 255 4187 sciscere
271 4133 400 4200 debebat,
420 4134 570 4202 antequam
585 4130 686 4187 summi
697 4130 750 4185 viri
764 4145 911 4198 personam
927 4127 1062 4182 indueret.
1089 4129 1237 4185 Ritsohelii

93 4216 189 4267 autem
213 4214 346 4268 iudicium
370 4214 404 4268 dc
427 4213 560 4282 opusculo
586 4229 647 4267 meo
672 4212 753 4280 quale
776 4208 876 4277 luerit,
900 4225 955 4263 non
980 4225 1072 4263 meum
1096 4213 1140 4265 eat
1157 4229 1237 4281 prae-

91 4291 196 4348 dicare.

165 4376 194 4439 2)
222 4373 258 4427 Et
286 4373 426 4428 inscitiam
457 4377 486 4427 et
521 4373 656 4427 incuriam
688 4373 809 4427 censoris
842 4369 938 4440 paucis
972 4368 1067 4422 statim
1101 4370 1235 4439 exemplis

91 4452 218 4522 probem.
256 4453 353 4523 ltaque
373 4473 399 4524 p.
420 4461 471 4508 950
491 4453 563 4507 dixit
583 4453 642 4506 ‘zur
660 4451 819 4520 Erlrlttrnng
839 4454 903 4519 sugt
928 4448 1037 4513 sehon,
1060 4450 1086 4502 si
1104 4450 1153 4517 poi
1176 4453 1236 4504 ont

90 4534 210 4604 apreohe
225 4534 288 4587 dem
303 4534 408 4603 grieeh.
423 4537 453 4587 εἴ
463 4554 528 4595 πως.
557 4531 678 4586 l'reilich
695 4531 763 4584 wird
778 4531 827 4584 das
847 4529 971 4582 daduroh
990 4527 1070 4582 nicht
1088 4528 1235 4600 bewiesen,

91 4614 157 4666 dass
181 4612 253 4666 noch
276 4631 311 4666 an
331 4612 408 4667 einer
431 4612 547 4665 aweiteu
573 4612 659 4665 Stelle
684 4611 729 4664 ein
753 4612 861 4665 solches
884 4612 910 4664 si
932 4612 981 4679 qui
1008 4610 1087 4679 (oder
1113 4626 1235 4679 genauer

89 4693 150 4746 nisi
171 4695 231 4761 qui)
260 4694 307 4758 lV,
326 4699 357 4758 4,
383 4699 395 4745 1
426 4690 572 4761 conjicient
595 4691 690 4745 wird’:
719 4691 766 4744 nbi
794 4690 817 4744 si
846 4689 1041 4745 adnotationes
1069 4689 1235 4759 inspexisset

88 4771 215 4826 tironum
233 4770 264 4825 in
283 4790 361 4825 nsum
382 4771 554 4842 conscriptas
573 4771 662 4838 (velut
680 4769 767 4824 Brixii
787 4771 823 4824 ad
836 4769 910 4824 Trin.
931 4790 956 4826 v.
978 4775 1031 4839 14),
1051 4770 1172 4826 cavisset
1189 4787 1233 4836 ne,

88 4851 141 4924 qni
164 4852 200 4906 de
223 4851 387 4922 pronomine
412 4849 632 4908 demonstrativo
651 4850 775 4921 scripsit,
799 4848 970 4922 pronominis
995 4849 1134 4905 indefiniti
1153 4866 1233 4905 usum
