2932 5452
159 354 221 394 nun
626 324 832 382 PRAEFATIO

159 514 254 576 quam
278 511 465 574 perversum
488 489 531 553 sit
553 489 588 553 in
612 489 723 554 oculos
746 489 896 572 incurrit,
918 468 1101 557 beneseto
1119 513 1187 557 non
1205 492 1302 558 minus

160 599 288 662 inanem
317 619 387 662 esse
413 597 625 681 suspitionem
650 598 722 683 ipsa
745 620 827 681 quae
850 596 945 663 datur
975 599 1069 684 optio
1098 599 1304 665 demonstrat

160 705 276 770 Verius
310 705 466 787 suspicati
494 710 571 769 sunt
599 704 702 769 critici
724 704 859 770 tertium
887 708 997 771 actum
1025 705 1204 773 admodum
1236 728 1304 773 eon·

164 815 304 876 tractum
329 810 501 895 perhiberi.

248 917 397 983 Summas
426 922 534 987 autem
558 918 654 983 huius
678 918 807 983 fabulae
831 918 1042 996 difficultates
1071 921 1199 1005 optime
1220 922 1304 987 illus·

158 1031 249 1091 trant
271 1012 398 1090 diversa
422 1029 454 1089 et
478 1047 573 1109 saepe
596 1026 681 1091 inter
709 1045 743 1089 se
768 1026 933 1091 contraria
950 1026 1124 1092 hominum
1143 1028 1301 1099 doctorum

161 1135 340 1199 conamina.
381 1133 420 1197 In
444 1133 561 1216 quibus
586 1132 758 1197 afferendis
782 1154 820 1198 eo
844 1134 951 1198 minus
974 1156 1093 1218 parcus
1119 1157 1190 1201 esse
1213 1137 1301 1221 volui,

160 1243 236 1326 quia
263 1241 453 1325 saepissime
476 1241 527 1304 vel
554 1241 735 1305 reiectanea
763 1246 947 1306 commenta
969 1246 1029 1307 aut
1052 1243 1179 1329 aliquid
1201 1248 1300 1309 nmen

160 1348 228 1412 veri
256 1347 424 1412 continent
452 1352 508 1412 aut
536 1348 608 1412 aliis
632 1347 815 1413 rationibus
838 1348 1065 1414 emendantem
1080 1354 1300 1437 ¹enarrantem·

101 1451 108 1464 '
161 1475 222 1539 que
252 1454 378 1518 iuvant:
408 1454 464 1519 ubi
493 1454 622 1518 cuinam
650 1455 726 1538 quid
755 1454 882 1538 quando
905 1454 984 1519 utile
1008 1459 1066 1520 aut
1089 1478 1163 1520 esse
1186 1460 1241 1521 aut
1260 1456 1299 1521 ri-

160 1560 227 1625 deri
251 1560 366 1645 possit,
390 1584 485 1645 saepe
509 1584 575 1626 non
598 1562 692 1627 facile
715 1561 842 1627 dixeris.
869 1560 982 1646 Neque
1006 1563 1121 1629 tamen
1143 1563 1185 1628 ab
1199 1563 1296 1628 animo

160 1670 336 1753 impetrare
359 1670 461 1754 potui,
485 1673 521 1733 ut
545 1671 655 1735 omnia
677 1691 760 1753 quae
783 1670 817 1735 iu
840 1673 992 1753 promptu
1016 1672 1130 1734 essent
1159 1689 1295 1755 congere

158 1797 240 1860 rem,
270 1777 410 1841 maxime
438 1777 493 1841 ubi
522 1778 616 1860 plura
644 1777 744 1841 verba
772 1776 933 1840 afferenda
967 1779 1070 1840 erant.
1117 1774 1203 1841 Illud
1230 1797 1294 1841 vero

160 1883 395 1949 studiosissime
420 1883 578 1967 affectavi,
602 1887 638 1948 ut
662 1906 755 1949 suum
779 1885 892 1968 cuique
916 1883 1094 1967 redderem,
1117 1884 1293 1970 praesertim

160 1975 232 2055 cum
257 1990 447 2076 Spengclius
480 1991 514 2054 in
546 1990 608 2055 bac
639 2013 674 2055 re
706 1990 985 2076 neglegentiorem
1013 2012 1050 2054 se
1080 1988 1291 2075 praebuerit¹)

161 2098 268 2183 Atque
283 2099 464 2182 complures
479 2098 535 2162 ubi
550 2099 683 2163 eandem
699 2099 892 2163 sententiam
908 2098 1204 2182 pronuntiaverunt
1215 2132 1254 2144 -
1265 2095 1290 2161 id

161 2205 246 2290 quod
266 2206 455 2290 saepissime
474 2205 591 2271 accidit
609 2241 658 2290 -,
673 2210 838 2271 auctorem
857 2205 1036 2290 principem
1051 2205 1238 2290 plerumque
1249 2225 1288 2267 sc

160 2313 225 2377 lum
240 2313 414 2396 nominavi,
428 2313 492 2377 nisi
508 2314 589 2378 alter
604 2314 737 2379 alterius
753 2314 947 2378 sententiam
963 2317 1020 2377 aut
1033 2311 1287 2379 novisseornnino

161 2442 225 2485 non
250 2418 424 2506 potuerit²)
449 2424 505 2484 aut
525 2422 634 2505 aliqua
652 2422 778 2485 ratione
797 2420 932 2485 auxerit.
959 2418 1045 2484 Nam
1061 2420 1148 2504 quod
1163 2419 1286 2504 plerique

160 2529 272 2594 dicunt
288 2528 436 2612 quodque
451 2527 517 2592 fere
532 2529 566 2592 in
579 2529 786 2613 proverbium
802 2528 884 2592 abiit
897 2528 1045 2593 veritatis
1058 2527 1212 2591 indicium
1225 2545 1286 2605 esec,

162 2636 189 2699 si
208 2636 295 2699 ultro
315 2635 423 2719 plures
444 2636 477 2699 in
497 2635 630 2700 eandem
652 2635 846 2700 sententiam
869 2633 1050 2717 inciderint,
1074 2634 1107 2698 id
1128 2654 1215 2699 secus
1232 2651 1285 2697 esse

160 2765 232 2805 cum
257 2764 384 2826 semper
408 2743 519 2824 putavi
542 2747 610 2806 tum
630 2742 691 2807 hac
715 2742 855 2807 editione
880 2741 1026 2824 cognovi.
1065 2740 1153 2805 Nam
1173 2740 1284 2804 dicire

160 2848 229 2930 (quit
254 2854 333 2930 quot
356 2849 436 2912 locis
460 2850 689 2932 improbabilia
713 2855 810 2934 atque
832 2848 911 2912 adeo
931 2847 1153 2911 intolerabilia
1168 2847 1281 2911 duorum

159 2955 210 3016 vel
234 2954 332 3016 etiarn
356 2954 496 3036 plurium
521 2956 706 3019 criticorum
730 2978 888 3020 consensu
912 2952 1134 3038 ‘probentur'.
1180 2951 1283 3017 lumin

160 3060 330 3123 afferendis
360 3063 528 3124 sententiis
557 3062 724 3125 bominum
753 3063 935 3145 doctorum,
964 3060 990 3122 si
1020 3061 1076 3142 qui
1106 3061 1201 3124 variis
1223 3058 1284 3123 locis
1331 3136 1333 3149 .

160 3167 368 3249 disputarunt
391 3166 441 3250 (fut
457 3166 642 3252 Seyffertus,
667 3191 761 3252 quem
785 3168 918 3232 honoris
942 3189 1039 3231 causa
1053 3168 1197 3249 nomino,
1218 3165 1286 3248 Bug-

159 3274 241 3357 gius,
261 3273 341 3358 alii),
361 3276 542 3338 accuratius
559 3278 664 3339 locum
679 3275 831 3340 iudicavi:
852 3279 964 3339 contra
978 3273 1034 3336 ubi
1050 3273 1165 3338 eadem
1180 3273 1288 3357 saepius

159 3381 292 3464 scriptio
321 3382 521 3464 respicienda
552 3387 622 3446 erat
645 3382 695 3465 (ut
719 3382 866 3446 llluelleri
891 3381 995 3444 ςΡιοε.
1020 3379 1154 3463 Plaut',
1178 3377 1289 3463 Bergkii

158 3486 302 3572 ‘Symb.’,
314 3489 477 3554 Boeclrelii
488 3490 664 3572 Brugnrani
679 3488 864 3572 Nicrueyeri
879 3488 1015 3551 aliorum
1030 3485 1289 3563 dissertationesl,

159 3596 346 3678 plerumque
370 3596 458 3662 locos
482 3595 662 3677 significavi
685 3598 792 3679 pot-ius
817 3618 915 3679 quam
934 3595 1085 3658 indicavi.
1115 3593 1295 3679 Kiesslingii

159 3699 361 3765 ‘censuram’
386 3727 482 3787 quam
508 3703 696 3785 simpliciter
720 3703 785 3766 disi
810 3702 962 3767 editionis
987 3701 1231 3788 Spengelianae
1252 3704 1297 3766 bo

231 3913 256 3980 1)
275 3912 403 3982 Exempli
427 3912 519 3982 gratia
538 3932 563 3967 v.
584 3920 635 3966 533
661 3913 706 3967 vel
731 3913 870 3981 llauptius
899 3914 1081 3983 parcissimus
1107 3915 1232 3969 aliorum
1254 3914 1303 3968 lau·

158 3991 239 4046 dator
250 3993 393 4061 ‘perbene’
411 3995 572 4048 emendasse
588 3991 768 4061 Spengclium
784 3993 868 4048 dixit:
884 3998 914 4049 at
929 3994 1102 4063 emendatio,
1122 4014 1212 4065 quam
1226 4001 1306 4053 totam

157 4070 210 4123 sibi
234 4073 333 4125 tribuit
356 4072 417 4140 ille,
446 4072 587 4127 Gulielurii
613 4076 655 4125 est
679 4076 708 4125 ct
731 4076 865 4141 tanquam
885 4074 1077 4130 Gulielmiana
1099 4076 1238 4133 laudatur
1255 4096 1308 4132 cuni

157 4150 192 4200 ab
217 4151 280 4203 aliis
305 4157 363 4204 tum
388 4169 405 4205 a
428 4153 569 4218 Goeller-o,
595 4153 672 4205 cuius
697 4153 847 4207 editionem
871 4157 900 4207 et
925 4153 1062 4210 adbibere
1083 4157 1189 4212 debuit
1208 4164 1237 4214 et
1256 4159 1310 4213 aliis

157 4228 225 4280 locis
251 4231 380 4285 adhibuit
407 4233 580 4302 Spengelius.
619 4232 674 4285 Sed
701 4233 813 4288 omnino
840 4250 895 4287 nou
927 4235 1018 4288 multa
1045 4236 1122 4290 lolia
1147 4239 1311 4294 recensionis

157 4324 234 4360 meac
255 4312 343 4376 eruut,
363 4313 428 4379 quin
449 4314 507 4367 eius
527 4313 567 4367 rei
585 4317 635 4366 aut
653 4332 737 4366 unum
757 4317 806 4367 aut
824 4314 906 4383 plura
925 4316 1056 4385 exempla
1076 4319 1222 4378 invenias.

228 4391 255 4453 2)
274 4389 347 4441 Nam
366 4392 471 4458 alioqui
496 4393 548 4447 etsi
567 4411 623 4447 non
647 4394 787 4464 vituperes
813 4394 889 4463 quod
911 4411 967 4448 non
995 4397 1111 4471 norint,
1140 4405 1242 4458 minen
1267 4421 1312 4457 non

158 4468 254 4521 laudes
274 4471 360 4535 atque
379 4471 483 4525 efferas.
