2932 5452
168 368 211 433 84
673 368 807 425 Puuvrr

698 529 773 583 Smo

167 620 213 684 At
236 641 295 703 ego
320 620 359 684 rid
384 620 487 684 forum
513 621 576 686 ibo.
623 621 686 685 iam
710 619 763 686 hic
787 643 852 686 ero.

650 758 826 815 Pervoouve

870 835 1024 900 Actutum
1048 834 1127 899 redi.

167 938 348 1024 Suspicioet
370 941 449 1004 mihi
473 945 559 1006 ruine
583 963 641 1005 uos
665 940 872 1026 auspicium,

166 1046 219 1111 Me
242 1045 360 1112 idcirco
384 1046 465 1111 haee
487 1052 580 1112 teuta
603 1047 750 1113 ficinora
772 1048 824 1112 his
842 1045 1048 1133 promittere,

166 1152 236 1228 Quo
261 1156 320 1218 u6s
344 1155 516 1237 oblectem,
541 1154 624 1219 hanc
648 1152 792 1219 fibulam
818 1154 894 1219 dum
917 1155 1110 1240 triueigam‚

166 1260 280 1345 Neque
304 1259 366 1325 sim
390 1261 546 1343 facturus,
570 1261 655 1345 quod
678 1260 840 1326 iacturum
863 1259 1016 1326 dixeram.

165 1365 241 1432 Non
265 1368 452 1451 demutabo,
477 1370 587 1451 [utque
611 1368 708 1432 etium
733 1371 857 1433 certum
881 1368 965 1452 quod
990 1369 1125 1449 sciam]

165 1473 235 1550 Quo
258 1475 291 1539 id
315 1473 377 1540 eim
399 1475 543 1540 fecturus
567 1477 662 1557 picto
685 1475 733 1538 nii
758 1475 854 1539 etiaim
879 1475 959 1559 ecio,

164 1580 236 1645 Nisi
261 1580 337 1666 quia
360 1581 543 1646 futurumst.
590 1582 664 1644 nim
689 1581 743 1665 qui
767 1582 801 1645 in
825 1603 975 1647 scaenam
999 1583 1163 1666 prouenit,

164 1686 259 1753 Nouo
284 1688 380 1753 m6do
402 1710 522 1752 nouom
548 1688 669 1773 aliquid
693 1686 861 1753 inuentum
886 1688 1010 1753 adferre
1033 1689 1172 1754 riddecet

163 1792 196 1858 si
221 1795 252 1859 id
275 1795 381 1860 ficere
404 1799 556 1879 nequeat,
580 1794 634 1859 det
656 1794 763 1859 locum
788 1795 835 1859 illi
858 1793 916 1880 qui
937 1799 1044 1880 queat.

238 2073 298 2121 561.
319 2067 358 2122 Sl.
378 2067 482 2136 1301),
501 2066 699 2122 Fleckeiscrrus.
729 2084 778 2121 om.
800 2067 865 2121 Fr..
909 2067 963 2122 CA.
987 2085 1048 2123 curu
1068 2069 1215 2124 Oamuau'u

161 2149 276 2202 schelius
364 2161 538 2201 mmurouao
562 2148 604 2214 A,
632 2146 784 2202 Loreuuus
809 2147 909 2203 Plrilol.
939 2147 990 2202 vol.
1017 2147 1141 2203 XXXV
1163 2154 1219 2217 (u.¹

158 2232 269 2296 12175.
313 2228 370 2281 ium
394 2227 440 2281 hic
464 2228 548 2280 adero
567 2227 697 2280 BODZ.
735 2227 790 2280 iem
810 2227 893 2282 adero
912 2228 958 2281 hio
976 2227 1143 2284 Ritsclulius
1214 2259 1219 2280 r

161 2312 221 2360 tum
247 2307 299 2373 (Ac
322 2312 413 2361 tutum
432 2306 471 2373 B)
502 2305 562 2360 redi
588 2310 687 2373 (asini)
716 2308 782 2362 lilri
804 2323 865 2362 eum
887 2308 929 2362 A:
956 2326 1025 2378 quac
1050 2309 1183 2364 Pseudolo
1204 2315 1219 2362 tr

163 2386 342 2453 Rilsclreliuc,
367 2386 524 2455 Galliplioui
552 2387 579 2440 B
586 2384 654 2451 OD,
688 2386 795 2442 Simoni
818 2387 876 2441 ΕΖ
964 2393 1024 2444 562.
1049 2389 1099 2445 PS.
1123 2407 1219 2459 procui

62 2478 66 2485 ·
162 2467 228 2520 libri
300 2464 428 2536 Suspicio
447 2469 490 2520 est
508 2467 573 2521 libri
591 2482 650 2520 curu
670 2465 697 2519 A
779 2472 838 2522 563.
858 2467 959 2521 iccirco
978 2467 1009 2521 F
1078 2471 1158 2523 tauto⁴
1179 2469 1218 2521 iac

161 2546 204 2600 his
229 2546 401 2602 Rilsclrelius.
440 2560 479 2599 TA
500 2587 638 2600 ......
658 2559 754 2600 morra
777 2547 812 2600 A.
858 2548 939 2601 tenta
965 2547 1092 2603 facinora
1120 2550 1212 2618 reliqui

160 2641 356 2694 Paomruruaa
376 2629 411 2680 A.
453 2624 656 2695 udpromitterc
679 2627 815 2697 Berytiua
840 2628 890 2696 Op.
918 2630 968 2683 uol.
988 2629 1010 2681 I
1029 2647 1059 2698 p.
1079 2633 1144 2687 623,
1218 2647 1219 2653 ¹

160 2707 285 2763 iecinoru
305 2707 375 2760 hacc
394 2706 559 2775 promittere
577 2707 696 2761 Botlrius
769 2712 828 2761 564.
848 2720 907 2770 Quo
927 2709 961 2761 Δ.
1000 2708 1073 2772 Quin
1092 2709 1213 2763 BODZ.

162 2787 282 2856 F,Pius
342 2800 502 2853 caesorum
519 2787 545 2839 A
609 2785 897 2854 oouraurumosmA
970 2791 1030 2842 565.
1050 2801 1101 2854 siu
1121 2791 1148 2841 A
1204 2789 1219 2842 t'

161 2884 203 2921 rue
223 2869 360 2921 sucturum
381 2867 517 2936 Berytius
535 2871 597 2921 toste
611 2865 746 2922 Lurcuzio
809 2866 934 2919 futurum
953 2866 1090 2936 Berytius
1106 2869 1200 2937 Opusc.

157 2964 187 3014 p.
207 2953 270 3002 677.
309 2948 432 3000 lecturus
461 2947 579 3002 Boetius
658 2947 778 3002 Celerum
805 2946 878 3001 tuuc
899 2963 923 3001 u.
948 2952 972 3000 et
994 2953 1142 3017 scotusaeis
1164 2949 1219 3002 driu

159 3029 280 3097 siricius:
311 3045 398 3081 uuum
425 3045 449 3080 r.
477 3028 560 3094 firmil
593 3027 682 3082 eudem
714 3028 842 3097 Ussiuqio
873 3027 940 3081 duce
967 3025 1117 3099 Lauycuus
1149 3029 1219 3083 stul.

154 3123 184 3174 p.
206 3110 260 3161 363
283 3109 367 3162 liuuc:
395 3107 457 3161 Non
476 3107 627 3161 demutabo
650 3109 735 3176 elque
761 3110 793 3161 ut
809 3107 947 3161 facturum
968 3105 1091 3161 dixeram
1180 3115 1219 3163 tt(

159 3188 196 3241 ud
219 3203 242 3242 u.
263 3193 316 3242 565
390 3188 474 3255 utque
503 3188 605 3256 (adque
630 3187 663 3255 G)
690 3186 775 3242 etiam
801 3187 908 3241 certum
932 3185 1008 3255 quod
1036 3187 1123 3242 sciam
1152 3190 1213 3244 iibri

160 3267 202 3320 A:
239 3268 288 3321 ubi
324 3268 402 3336 utqui
438 3269 532 3321 scribit
569 3267 717 3337 Seyfferlus
753 3268 853 3323 Philet.
894 3269 944 3322 ool.
980 3267 1111 3322 XXVII
1143 3274 1184 3335 (a.
1211 3280 1219 3322 1·

156 3364 184 3415 p.
204 3351 258 3401 446
272 3363 310 3416 sq.
339 3353 424 3402 cetera
447 3349 573 3403 rotimus.
615 3350 696 3402 vurta
722 3351 806 3416 atque
826 3389 832 3399 .
853 3390 859 3402 .
881 3391 885 3401 .
907 3347 993 3401 sciam
1022 3351 1142 3404 excludit
1168 3350 1219 3404 Clu

160 3426 255 3480 ‘Mclr⁸
270 3426 358 3481 Beru’
376 3444 405 3496 p.
426 3432 468 3482 53.
511 3428 543 3480 ut
561 3427 635 3495 quod
654 3444 706 3496 ogo
725 3444 776 3498 pro
795 3430 871 3482 certo
893 3428 979 3482 eciam
999 3428 1165 3484 Ritu-telius
1186 3433 1215 3484 iu

157 3509 189 3560 ut
207 3507 279 3575 quod
295 3524 349 3576 ego
367 3507 424 3561 iam
443 3509 518 3561 certo
537 3508 623 3560 sciam
642 3507 713 3561 idem
731 3508 817 3562 edidit
885 3513 944 3561 ool.
960 3521 1055 3570 ouon)
1071 3511 1104 3562 Α.
1130 3510 1219 3574 Quot

157 3660 219 3695 cum
241 3640 268 3696 0.
307 3599 369 3709 edidi
389 3641 418 3692 1)
443 3645 510 3708 (quo
534 3641 597 3695 odd.
627 3646 650 3694 el
676 3656 738 3693 cum
765 3657 824 3710 cup.
850 3658 885 3694 ru.
909 3645 938 3709 3)
1052 3657 1219 3709 uiurusrm.

157 3756 314 3809 nihilctiam
334 3757 370 3808 J).
408 3755 479 3808 nihil
499 3756 583 3829 otiam
605 3755 633 3809 0.
663 3757 690 3810 ni
710 3756 755 3809 chi
774 3756 870 3811 letiam
887 3757 913 3810 B
985 3760 1095 3826 auloA
1168 3766 1218 3815 568

159 3835 182 3887 0
251 3847 432 3890 sumturum
447 3835 481 3887 A.
511 3833 634 3888 futurum
654 3836 699 3888 est
716 3837 816 3905 reliqui
888 3853 997 3892 scenam
1016 3839 1083 3893 libri
1099 3848 1207 3908 preater

158 3922 217 3969 569.
237 3913 317 3968 Nouo
336 3915 418 3968 modo
438 3932 539 3969 nouom
563 3919 680 3979 (nouum
700 3916 833 3984 ΟΜΖ)
857 3917 964 3985 aliquid
983 3918 1129 3973 inuentum
1154 3923 1217 3975 libri

157 3996 198 4060 A,
220 3994 361 4048 Brutlcius
384 3997 414 4047 iu
435 3996 544 4048 Phorm.
570 3995 596 4048 V
612 4000 645 4062 8,
665 4001 709 4050 79.
751 3998 831 4050 Nouo
859 3998 955 4065 modo,
984 4016 1087 4053 nouum
1111 4000 1215 4068 aliquid

158 4076 255 4127 Dousa
277 4074 448 4127 llitsciiclius.
497 4075 576 4127 Nouo
606 4076 701 4142 modo,
731 4095 833 4131 nouum
862 4078 1007 4132 inuentum
1035 4079 1151 4134 Parcus.
1196 4081 1219 4134 N

156 4171 258 4207 nouum
286 4153 392 4219 aliquid
421 4154 563 4207 inuentum
591 4155 727 4223 Guyrtus,
759 4158 849 4210 iudico
872 4156 1021 4212 Ritsciulio
1052 4177 1108 4214 nou
1136 4163 1219 4230 irupro

156 4237 230 4300 liter,
257 4234 335 4286 morlo
359 4250 418 4287 cum
442 4234 494 4286 Pio
523 4233 636 4300 aliquod
665 4238 775 4291 stritus.
823 4235 914 4302 Nouo,
943 4254 1046 4292 nouom
1074 4240 1179 4309 aliquid
1202 4241 1219 4293 ir

155 4319 214 4369 tum
235 4315 353 4368 Bollu'us
417 4314 524 4369 adferre
543 4316 571 4368 B
589 4333 648 4368 cum
669 4318 702 4369 A.
733 4316 829 4370 uffeno
848 4318 948 4385 reliqui
1020 4325 1079 4374 570.
1100 4321 1129 4374 id
1148 4338 1195 4374 our.

162 4410 279 4461 susurri:
299 4397 326 4449 A
399 4399 519 4461 ucqncut
538 4397 586 4448 dot
606 4396 669 4448 Fu.
708 4399 830 4463 nequeat
848 4398 877 4450 ot
895 4397 992 4451 1301).
1028 4413 1195 4464 uiro-Almus

154 4490 280 4543 Quium*
300 4479 324 4528 A
