2932 5452
662 698 867 756 anuarino
1241 733 1335 774 xxm

188 860 331 948 Bergkio
356 865 389 926 et
412 861 592 928 Ritschelio
616 887 727 930 omnes
748 864 924 931 Strotullon
946 868 1165 953 probaverint,
1188 850 1335 935 Ritiche-

187 968 254 1033 lius
276 971 387 1034 tamen
414 974 500 1036 recte
523 971 704 1055 praemisit:
733 971 822 1038 ‘cum
853 973 888 1037 in
911 979 1064 1059 promptu
1088 976 1132 1039 sit
1159 980 1216 1040 aut
1238 976 1334 1056 (τρά-

186 1079 305 1142 rollo<
334 1079 391 1142 aut
421 1080 613 1159 (τρατύλοε,
642 1080 725 1145 unde
755 1083 878 1146 comico
901 1082 1131 1166 hypocorismo
1155 1088 1211 1148 aut
1234 1086 1330 1164 (τρα-

186 1184 307 1251 τύλλαξ
321 1185 412 1250 fieret
426 1190 484 1251 aut
494 1187 673 1266 (τρατύλαξ
689 1237 696 1251 .
711 1237 718 1251 .
732 1237 739 1252 .
756 1238 763 1251 .
778 1188 955 1254 Strabdloa
969 1211 1011 1253 an
1024 1188 1189 1254 Strataloe
1202 1191 1333 1255 nomine

148 1278 154 1287 ’
186 1290 418 1357 'l'ruculentum
447 1315 541 1358 suum
573 1315 642 1358 esse
670 1299 766 1378 poeta
793 1296 945 1379 voluerit,
973 1317 1011 1360 ex
1032 1295 1113 1379 'ipsa
1134 1296 1246 1362 fabula
1268 1320 1334 1363 non

187 1403 336 1485 apparet,
363 1405 400 1465 ut
427 1400 461 1464 in
489 1423 552 1484 qua
579 1401 747 1485 proprium
771 1402 888 1466 servoli
911 1423 1029 1466 nomen
1053 1424 1215 1488 nusquam
1237 1404 1332 1470 hodie

186 1505 336 1591 legatur?
384 1506 431 1571 At
464 1529 539 1572 vero
568 1507 600 1570 id
630 1507 737 1592 ipsum
771 1508 854 1592 quod
884 1532 1045 1594 nusquam
1073 1511 1193 1595 legitur
1215 1534 1333 1578 nomen

134 1686 137 1690 ,
187 1614 342 1699 quoniam
366 1621 486 1678 certam
509 1618 684 1698 notamque
713 1615 818 1699 legem
842 1616 946 1680 violat
976 1615 1029 1702 (cf.
1056 1616 1192 1702 Hauptii
1215 1618 1332 1703 Opusc.

185 1719 219 1785 Π
237 1744 269 1806 p.
292 1718 379 1807 139),
402 1724 487 1786 recte
506 1720 734 1786 Fleckeisenus
754 1723 991 1808 circumspexit,
1013 1725 1146 1789 ubinam
1169 1727 1333 1812 potuisset

183 1827 386 1914 intercidere,
409 1829 517 1893 minus
541 1832 636 1911 recte,
660 1833 696 1893 ut
719 1833 807 1912 puto,
831 1830 1069 1895 commendavit
1092 1853 1120 1894 v.
1140 1831 1220 1897 251:

276 1935 338 2001 Sed
362 1941 444 2000 rinus
468 1935 732 2001 uiolentissumus
756 1940 806 2001 est
829 1935 905 2001 huic
928 1936 1108 2001 Stratullax
1131 1941 1243 2003 seruos

183 2066 260 2129 pro:

276 2149 339 2216 Sed
363 2151 413 2214 est
435 2149 512 2214 huic
534 2172 616 2215 unus
641 2151 751 2214 seruos
776 2149 1049 2215 uiolentissumus

183 2267 234 2333 Ac
266 2267 405 2352 primum
440 2266 568 2351 quidem
602 2267 777 2331 verisimile
810 2287 875 2329 non
909 2271 957 2330 est
990 2267 1085 2331 aliter
1117 2267 1178 2332 hoc
1209 2266 1330 2332 dixisse

181 2375 338 2440 Plautum
361 2377 458 2458 atque
482 2374 515 2437 in
537 2373 634 2438 Most.
658 2396 687 2438 v.
711 2374 775 2439 983
801 2372 893 2436 ‘unus
919 2373 991 2438 istic
1015 2395 1125 2439 seruos
1149 2380 1200 2440 est
1224 2396 1327 2439 sacer-

181 2480 323 2565 rumus',
345 2503 417 2546 cum
442 2480 585 2545 additum
609 2502 729 2544 nomen
752 2481 918 2545 notionem
944 2479 1058 2545 ‘unus'
1078 2482 1164 2546 vocis
1179 2483 1329 2548 invertat.

181 2589 309 2655 Deinde
332 2610 442 2653 verum
467 2592 516 2651 est
540 2588 703 2652 senarium
727 2587 930 2671 probabilem
955 2610 1020 2652 non
1044 2609 1113 2651 esse
1137 2589 1238 2653 inter
1258 2611 1329 2674 sep·

178 2697 344 2762 bunarios:
396 2700 430 2761 at
465 2695 550 2760 idem
583 2695 704 2777 optime
742 2694 924 2777 praecedit
960 2694 1184 2776 septenarios:
1228 2718 1326 2779 quare

179 2828 258 2870 cum
285 2825 488 2889 nequaquam
517 2805 640 2865 certum
672 2800 715 2864 sit
743 2804 817 2863 ante
845 2823 873 2865 v.
897 2799 960 2863 251
991 2799 1066 2864 illos
1089 2800 1154 2863 iam
1178 2801 1328 2886 incipere,

163 2934 251 2977 onon
280 2916 349 2975 tam
378 2934 415 2975 ex
443 2909 625 2995 septenario
655 2911 751 2972 antea
778 2908 953 2972 constituto
977 2907 1011 2970 in
1035 2907 1249 2991 suspitionem
1274 2932 1327 2974 vo-

179 3017 305 3084 candus
330 3023 379 3083 est
401 3019 556 3099 senarius,
580 3038 676 3100 quam
701 3036 739 3079 ex
763 3016 890 3079 senario
915 3014 1035 3098 optime
1059 3014 1179 3079 tradito
1200 3017 1326 3081 conclu-

178 3127 323 3191 dendum
352 3125 433 3189 alios
464 3125 585 3187 anteire
610 3122 794 3186 versiculos.
839 3122 938 3205 quue
962 3121 1080 3186 codicis
1103 3122 1137 3185 B
1161 3121 1327 3207 discriptio

179 3234 363 3317 confirmat,
386 3232 440 3316 qui
465 3230 596 3296 omnino
620 3252 677 3313 per
696 3229 779 3293 hanc
794 3235 920 3312 partem
937 3229 1190 3294 Ambrosianum
1205 3231 1326 3296 virtute

178 3346 281 3426 atque
310 3339 498 3425 integritate
526 3338 635 3401 vincit.
681 3335 784 3401 Vetus
814 3341 921 3401 autem
951 3337 1049 3401 codex
1074 3359 1146 3401 cum
1171 3340 1326 3423 complec-

176 3452 289 3514 tatur:

273 3553 335 3619 Sed
358 3554 386 3617 is
410 3552 493 3617 clam
512 3600 608 3615 .....
627 3551 703 3614 illac

272 3659 334 3724 Per
356 3659 487 3722 hortum
507 3656 619 3721 ..ad
642 3679 701 3721 nos
725 3679 798 3720 eum
822 3657 897 3721 uolo
922 3658 1093 3722 conuenire

173 3792 248 3836 non
262 3746 368 3832 minus
383 3770 505 3831 certum
521 3769 570 3830 cst
585 3767 728 3828 extrema
743 3764 806 3827 tria
821 3764 987 3846 vocabula,
1002 3767 1181 3847 proximan
1196 3767 1324 3830 senario

173 3878 240 3944 illo
273 3874 414 3939 iambica
446 3896 515 3937 esse
557 3895 653 3957 quam
688 3871 797 3954 priora
832 3870 1054 3954 anapaestico,
1091 3872 1146 3953 qui
1173 3894 1325 3935 numerus

139 4028 142 4032 -
173 3984 276 4051 unice
306 3986 338 4047 et
368 3980 469 4045 ‘illac’
499 3978 547 4066 (et
575 3980 630 4044 ‘ad
659 3977 749 4064 nos’)
779 3978 891 4062 pedem
922 3982 1100 4040 extremum
1131 3976 1269 4059 excipiat
1294 3982 1326 4040 et

173 4091 248 4177 ipsi
275 4090 320 4153 rei
348 4091 499 4152 narratae
523 4085 725 4169 respondeat.
771 4085 840 4148 Iam
872 4084 926 4167 qui
950 4084 1011 4147 soli
1035 4084 1141 4147 minus
1166 4083 1326 4167 quadrant

171 4197 281 4284 pedes
308 4194 448 4259 feliciter
477 4193 595 4258 accidit
625 4193 718 4256 utin
742 4192 814 4276 ipsa
837 4192 994 4256 librorum
1018 4190 1175 4255 memoria
1198 4212 1326 4274 corrup-

167 4304 267 4370 telae
291 4302 430 4385 vestigia
452 4324 530 4384 prae
555 4323 588 4364 se
611 4301 724 4364 ferant.
770 4299 899 4363 Etenim
923 4321 982 4382 pro
1007 4296 1163 4382 ‘patrem'
1187 4298 1324 4362 iambico

166 4412 244 4499 (sic
259 4405 306 4495 A)
330 4409 363 4472 in
377 4408 471 4475 BOD
486 4412 574 4473 extat
598 4408 707 4492 ‘pater
723 4403 869 4492 (etiaml'
894 4405 979 4489 quod
993 4404 1032 4468 ad
1048 4403 1165 4468 ‘latere
1184 4402 1324 4490 (etiam)'

165 4511 303 4598 ducit¹)
319 4537 396 4578 -a
414 4539 475 4599 que
499 4516 658 4580 maceriae
682 4514 771 4577 illius
790 4513 956 4577 notionem
976 4512 1047 4577 coll.
1068 4536 1094 4576 v.
1115 4513 1237 4596 304sq.
1260 4512 1324 4578 iam

163 4678 255 4690 --—-
281 4678 294 4681 ..
304 4675 394 4682 .....-....

252 4766 281 4828 1)
299 4761 398 4829 ltaque
419 4761 515 4816 ‘clam’
537 4761 596 4815 sine
616 4760 775 4815 accusativo
795 4763 879 4826 extat,
899 4758 972 4814 sicut
991 4756 1237 4830 Asin.r,741sq.:
1265 4761 1323 4814 ‘an-

156 4843 294 4923 giporta
311 4843 315 4910 Ι
330 4841 400 4896 lllac
417 4859 466 4912 per
485 4843 595 4896 hortum
613 4840 726 4896 transiit
744 4841 827 4894 clum’
849 4842 884 4894 al.
