2932 5452
510 812 753 867 eanrnonrrn
1167 794 1206 866 xi

58 997 221 1065 vindicavi
248 999 282 1062 et
308 992 533 1058 vindicandam
560 1014 630 1057 esse
653 981 750 1056 etiam
775 991 892 1056 certius
915 1015 1018 1076 nuper
1041 992 1205 1077 professus

60 1136 133 1179 sum
160 1112 195 1178 in
221 1109 420 1177 Fleckeiseni
443 1106 627 1172 Annalibus
650 1107 760 1191 philol.
785 1109 846 1173 vel.
867 1123 961 1172 xcvn
986 1104 1079 1193 (anni
1105 1105 1204 1193 1868)

58 1252 91 1315 p.
114 1228 189 1294 342.
217 1225 309 1304 Quod
337 1224 466 1310 quidem
494 1244 596 1309 genus
623 1244 718 1288 omne
746 1223 856 1288 futura
878 1222 1113 1308 Prolegomena
1134 1243 1204 1307 per-

60 1345 237 1428 sequentur
259 1339 448 1406 accuratius.
533 1403 537 1410 ,

150 1456 321 1522 Praeterea
348 1458 456 1520 autem
484 1475 526 1519 ne
553 1455 681 1538 lateret,
708 1475 765 1538 per
792 1475 872 1538 quas
900 1454 1136 1520 vicissitudines
1163 1455 1204 1518 ab

59 1574 126 1638 illis
147 1571 293 1638 fontibus
317 1570 358 1635 sd
380 1569 559 1636 editionum
581 1568 701 1634 rivulos
723 1573 914 1654 perventum
933 1573 1026 1654 esset,
1048 1592 1065 1634 e
1088 1569 1204 1653 quibus

60 1710 120 1774 per
144 1688 244 1775 trium
271 1690 305 1752 et
332 1685 418 1770 quod
445 1684 570 1750 excedit
592 1686 792 1750 saeculorum
815 1686 955 1770 spatium
978 1685 1086 1750 Plauti
1108 1686 1204 1751 lectio

62 1803 225 1889 pependit,
241 1802 378 1867 duorum
401 1801 557 1866 librorum
575 1800 789 1865 recentiorum
807 1801 1004 1866 mentionem
1028 1801 1097 1866 fieri
1120 1801 1207 1867 volui

62 1919 89 1983 si
112 1940 180 1984 non
207 1920 408 2003 perpetuam,
436 1920 471 1980 at
497 1937 597 2001 prope
625 1920 826 2000 perpetuam:
851 1917 905 2000 qui
928 1917 1056 2001 quidem
1079 1939 1118 1982 ex
1140 1940 1206 1982 uno

62 2032 224 2098 Vaticano
260 2031 295 2098 D
334 2031 422 2096 ducti
463 2034 540 2096 sunt
580 2053 654 2096 cum
690 2031 848 2097 similibus
885 2032 1043 2098 omnibns.
1084 2031 1206 2099 Eorum

63 2150 218 2213 altercat

151 2263 188 2329 F
205 2263 305 2329 codex
319 2262 533 2348 Lipsiensis
552 2263 774 2346 bybliothecae
794 2265 983 2348 senatoriae,
1002 2264 1128 2328 saeculo
1144 2263 1206 2328 XV

62 2381 96 2445 in
118 2378 315 2444 membranis
336 2379 460 2444 formae
484 2377 644 2463 oblongae
668 2379 769 2443 nitide
792 2380 930 2464 scriptus
949 2381 990 2443 ab
1009 2379 1092 2444 ltalo
1111 2379 1205 2442 libra-

63 2495 118 2579 rio,
140 2495 240 2559 verba
267 2498 381 2579 poetae
405 2493 559 2558 exhibens
582 2494 623 2556 ab
650 2493 742 2558 Italis
765 2495 851 2559 illius
874 2496 990 2559 aetatis
1013 2494 1207 2576 horninibus,

62 2609 234 2675 Francisce
266 2610 392 2695 Poggio
425 2608 627 2692 potissimum
660 2610 721 2673 nisi
754 2611 839 2674 fallit
866 2611 994 2694 opinio,
1030 2614 1067 2674 ut
1099 2609 1206 2693 aliquo

62 2726 158 2791 modo
182 2725 327 2810 intellegi
350 2727 495 2808 possent,
519 2724 635 2807 partim
656 2747 727 2789 vere
748 2726 797 2788 vel
821 2726 943 2789 utiliter
961 2729 1112 2809 correcta,
1134 2747 1205 2809 par-

58 2841 120 2905 tim
147 2841 258 2905 etiam
273 2841 377 2925 magis
410 2844 561 2923 corrupta
593 2845 689 2924 atque
722 2842 855 2904 licenter
886 2841 1089 2925 interpolata.
1121 2840 1204 2904 Eunr

58 2956 140 3020 mibi
165 2955 282 3020 librum
298 2955 408 3021 Senati
423 2955 599 3039 Lipsiensis
618 2958 722 3041 gratia
746 2979 803 3040 per
822 2960 923 3020 totam
947 2979 1077 3040 operam
1101 2979 1204 3020 ineam

53 3059 218 3136 utendum
242 3072 387 3155 permisit
414 3071 655 3135 officiosissime.
679 3071 824 3136 Eandem
849 3073 1065 3136 recensionem
1081 3071 1206 3154 Italam,

50 3209 258 3271 quamque-nr
281 3209 348 3252 non
371 3187 439 3250 sine
464 3187 571 3270 aliqua
595 3187 806 3271 discrepantia
832 3189 976 3271 eandem,
998 3192 1105 3251 servat

150 3302 184 3366 Z
207 3302 305 3367 editio
337 3302 516 3386 princeps
545 3325 564 3365 a
592 3302 730 3388 Georgio
763 3304 888 3368 Merula
920 3303 1138 3368 Alexandrino
1172 3304 1204 3366 in

43 3415 165 3481 lucem
189 3417 306 3480 emissa
320 3416 465 3482 Venetiis
489 3433 950 3502 annocloccccnxx11,quae
974 3420 1205 3503 posterioribus

37 3532 239 3597 editoribus
277 3532 426 3596 omnibus
463 3555 535 3596 curn
568 3555 626 3616 pre
659 3533 870 3599 fundrnnento
903 3538 972 3598 turn
1008 3535 1094 3599 haud
1131 3557 1205 3599 rare

37 3648 168 3712 fraudi
193 3647 266 3711 fuit:
296 3669 362 3711 non
385 3647 498 3731 Pyladi
525 3651 652 3712 tanturn
676 3647 828 3713 Brixiano
853 3650 958 3714 Plauti
982 3650 1204 3734 interpolatori

34 3762 275 3828 audacissimo
303 3762 373 3847 (qni
400 3766 509 3826 tamen
536 3763 640 3847 ipsam
663 3764 886 3829 Trinnnnnurn
914 3789 985 3829 curn
1010 3766 1204 3830 Truculento

33 3893 128 3943 Iron
152 3874 293 3962 attigit),
320 3877 375 3941 sed
403 3877 489 3941 hand
519 3879 633 3963 exigna
662 3903 700 3943 ex
723 3884 814 3963 parte
838 3880 934 3943 etiam
958 3880 1122 3943 leuchinro
1147 3882 1203 3942 ls'n-

36 3992 200 4058 :aerario
224 3992 367 4057 eiusdem
391 3993 576 4077 sospitatori
600 3995 681 4058 bene
705 3995 918 4058 meritissimo.
947 3994 994 4057 De
1019 3995 1134 4076 ‹pribus
1159 4017 1203 4056 re-

35 4102 120 4173 bus
146 4108 311 4188 omnibus,
339 4113 375 4172 nt
398 4109 436 4172 de
460 4109 636 4173 editoribus
660 4111 786 4192 ceteris,
814 4133 887 4173 curn
915 4110 991 4173 itenr
1015 4109 1204 4192 singillatim

33 4225 262 4308 (disputatum
286 4223 328 4287 sit
351 4224 370 4287 l.
394 4247 417 4287 s
437 4249 474 4308 s,
498 4224 560 4289 dno
584 4228 711 4288 tanturn
735 4248 821 4289 nnnc
844 4225 947 4288 habeo
971 4247 1052 4308 qnae
1075 4223 1203 4287 addam:

34 4340 216 4421 primum,
239 4340 479 4404 emendationes
508 4340 646 4422 aliquam
676 4343 794 4404 inultas
818 4340 972 4405 Bernardi
998 4338 1148 4402 Sarraceni
1172 4345 1203 4402 et

42 4448 104 4519 Io.
131 4454 300 4538 Baptistae
323 4455 373 4518 Pii
401 4460 572 4539 occupatas
601 4478 669 4517 esse
698 4456 732 4518 in
755 4455 884 4540 Georgii
908 4455 1021 4520 Vallae
1045 4477 1203 4518 eonnnen-

38 4568 143 4634 tario
168 4569 209 4633 ab
233 4568 355 4634 Ioanne
378 4569 474 4635 Petro
502 4571 568 4634 filio
592 4567 757 4655 evulgato,
779 4570 892 4635 Vallae
915 4572 1016 4655 igitur
1037 4570 1125 4634 haud
1148 4571 1203 4634 ‹lu-

46 4679 111 4749 bie
141 4688 176 4749 et
204 4684 311 4748 deberi
335 4689 368 4749 et
390 4686 612 4749 retribuendas
635 4709 716 4768 esse3
740 4688 889 4769 alterurn,
913 4710 993 4771 qnae
1017 4688 1203 4771 plerumque

53 4799 238 4885 scripturae
263 4798 400 4865 Aldinae
428 4801 578 4865 editionis
602 4803 749 4888 propriae
773 4802 946 4887 habentur,
969 4802 1003 4867 iu
1026 4802 1110 4866 hanc
1133 4806 1202 4866 tan·
