2932 5452
107 715 306 785 11,r1-s‚2
444 678 450 687 ’
608 715 759 772 snouvs

601 878 766 947 (Prummu

108 965 194 1032 Nolo
219 969 294 1052 ego,
317 989 417 1053 soror,
440 989 491 1032 me
514 968 601 1032 credi
626 984 696 1034 esse
719 970 927 1035 inmemorem
951 970 1028 1034 uiri:

109 1072 222 1160 Neque
245 1075 303 1139 ille
326 1077 382 1140 eos
405 1075 560 1158 honores,
583 1073 664 1139 nnhi
689 1097 769 1160 quos
792 1076 921 1160 habuit,
943 1075 1092 1160 perdidit.

108 1179 193 1245 Nam
218 1179 300 1245 mrhi
322 1181 378 1265 pol
401 1185 496 1266 gruta
519 1183 713 1266 acceptaque
737 1181 849 1246 huiust
870 1180 1071 1267 benignitas:
1220 1199 1254 1246 to

108 1287 155 1352 Et
177 1289 228 1353 me
251 1286 381 1373 quidem
404 1286 484 1352 haee
507 1285 651 1352 eondieio
674 1308 761 1352 nuno
783 1309 849 1352 non
872 1289 1029 1372 poenitet,

110 1392 223 1479 Neque
246 1395 296 1458 est
318 1415 400 1478 quor
421 1391 567 1458 studeam
590 1392 650 1457 hos
673 1393 805 1477 nuptias
829 1395 991 1459 muterier.

109 1499 231 1565 Verum
254 1504 419 1585 postremo
442 1500 476 1565 in
499 1500 601 1584 pitris
624 1501 819 1583 potestatest
841 1501 953 1565 situm:

109 1606 303 1672 Faciendum
326 1607 358 1671 id
381 1607 489 1689 nobis,
513 1605 598 1691 quod
621 1610 769 1689 parentes
792 1603 961 1690 imperent.

609 1726 749 1781 Pnurms

109 1818 184 1886 Soio
208 1822 305 1904 sitque
328 1819 363 1882 in
386 1817 561 1903 eogittndo
584 1839 729 1884 moerore
752 1823 887 1903 ougeor:

108 1925 196 1991 Nem
219 1926 451 2011 pr6pem0dum
475 1925 539 1989 iem
563 1924 706 1988 ostendit
728 1947 819 1989 suam
844 1926 1045 1990 sententiam.

608 2045 762 2101 Prnnomus

106 2139 216 2225 Igitur
238 2160 446 2224 quaeramus,
466 2138 562 2203 nobis
586 2137 662 2223 quid
684 2137 772 2202 facto
795 2141 873 2202 risus
897 2137 963 2223 sit.)

309 2502 506 2555 ΔΝἮΡΗΟ.
544 2501 776 2556 PAMPHILA.
813 2501 1057 2555 PANnoYRIe

626 2628 747 2679 Aurieno

107 2715 177 2794 Qui
198 2721 308 2782 manet
330 2722 367 2782 ut
389 2719 558 2783 monettur
582 2739 709 2800 semper
733 2719 843 2782 seruos
865 2718 962 2782 homo
988 2719 1129 2782 officium
1154 2743 1256 2802 suum,

107 2825 177 2890 Neo
192 2826 359 2891 uoluntate
374 2826 407 2889 id
426 2826 530 2890 ficere
551 2825 709 2907 meminit,
724 2826 835 2888 seruos
854 2826 882 2888 is
897 2825 1011 2889 habitu
1030 2826 1094 2890 hart
1113 2827 1256 2909 probost.

106 3017 227 3081 sordere
334 3023 377 3071 48.
403 3017 457 3072 PA.
478 3018 660 3086 promittunt
688 3016 761 3070 FZ:
788 3034 839 3072 om.
869 3018 931 3072 01).
976 3020 1091 3089 Pamph.
1119 3019 1256 3088 Berytius

106 3117 135 3165 p.
156 3101 212 3151 335
280 3114 342 3152 soro
362 3098 411 3151 ΙΝ.
448 3114 526 3151 soror
546 3097 587 3149 D*
648 3097 828 3152 inmemorem
854 3097 917 3154 01).
953 3097 1145 3154 immemorem
1163 3099 1258 3153 ΒΓΖ

163 3183 206 3232 49.
231 3193 278 3231 eos
297 3179 347 3231 det.
365 3177 496 3242 Boetius,
515 3176 695 3231 Bitschelius:
713 3177 762 3231 ille
781 3179 830 3231 (tel.
852 3179 975 3248 (inpetus
1045 3185 1087 3234 50.
1113 3179 1182 3232 mihi
1207 3179 1255 3247 pol

536 3262 562 3297 tu

106 3311 143 3364 B.
179 3310 227 3379 pot
247 3310 317 3364 mihi
335 3312 434 3380 reliqui
488 3327 539 3379 gre
575 3328 608 3363 ex
626 3310 676 3378 gni
695 3310 724 3361 D
794 3311 888 3365 huiost
913 3310 1072 3381 benignitus
1091 3312 1257 3367 Ritsctelius

102 3389 207 3449 (hui’st
217 3389 359 3458 Guyctus).
392 3389 473 3442 huius
488 3394 563 3453 (onte
577 3408 635 3445 eom
648 3408 673 3445 o.
707 3391 721 3444 ὁ
736 3407 844 3444 erasum
853 3392 884 3444 iu
896 3391 938 3457 1))
951 3395 995 3445 est
1008 3391 1169 3461 benignitas
1183 3393 1256 3446 libri.

108 3468 192 3522 huius
217 3469 391 3538 benignitust
413 3469 531 3523 Bothius
621 3477 663 3523 51.
687 3470 740 3541 hoo
761 3469 788 3524 0.
827 3471 880 3524 hoo
899 3471 926 3522 B
997 3471 1121 3526 conditio
1145 3472 1211 3525 libri

108 3549 219 3617 penitet
241 3549 277 3604 B.
313 3548 396 3618 petiit
415 3551 444 3604 et
463 3549 491 3605 0.
529 3542 614 3618 pe’riit
632 3552 661 3603 et
680 3549 776 3602 ΒΕΖ
848 3551 967 3605 ‘Mirum
995 3553 1123 3621 loquendi
1153 3551 1253 3620 μηδ’

107 3628 232 3697 Scoliper
305 3635 347 3682 52.
367 3630 465 3697 Neque
484 3632 527 3684 est
545 3647 593 3682 cur
608 3631 737 3700 Guyetus.
776 3629 874 3698 Neque
893 3634 937 3685 est
951 3649 999 3684 cur
1018 3647 1074 3684 non
1093 3634 1177 3697 (quor
1198 3647 1254 3684 nou

106 3708 152 3774 B)
185 3708 283 3764 1301).
326 3710 423 3777 Neque
455 3711 498 3762 eet
530 3728 578 3764 our
610 3728 682 3763 nuno
711 3711 783 3778 Fr,
815 3712 966 3766 Muellerus
990 3712 1068 3766 Pros,
1089 3711 1133 3764 Pl.
1148 3716 1253 3778 peut.
1360 3723 1368 3737 ·

109 3788 261 3856 Perpetem
282 3791 315 3844 de
342 3791 385 3843 his
412 3790 519 3844 iudicat
541 3789 755 3858 Kumpmomms
777 3792 809 3844 (te
831 3793 884 3846 reb.
908 3794 964 3845 mil.
987 3792 1032 3845 Pl.
1053 3809 1083 3859 p.
1105 3795 1140 3843 18
1213 3798 1255 3844 53.

51 3907 67 3935 0
109 3872 250 3937 postremo
268 3887 302 3924 ex
320 3872 420 3938 posteo
438 3869 468 3921 1)
555 3869 622 3923 Post
640 3871 727 3938 petris
746 3889 813 3926 crau
834 3875 878 3925 est
896 3873 927 3926 iu
945 3871 975 3924 D
1053 3872 1194 3938 potestate
1213 3874 1256 3924 est

109 3950 177 4004 libri
266 3955 309 4003 54.
334 3949 533 4003 h'eeiundumst
555 3949 636 4003 nobis
660 3949 825 4005 Ritsctetius
843 3953 874 4005 in
893 3953 957 4006 ader.
1033 3956 1075 4002 55.
1095 3948 1164 4002 PIN.
1186 3950 1254 4005 ΕΖ.

110 4099 161 4135 om.
181 4082 244 4137 OD.
283 4084 386 4153 Poneg.
410 4083 545 4153 Berytius
571 4084 588 4137 l.
611 4099 632 4138 8.
651 4100 671 4138 s.
774 4051 913 4151 uriqueC
1001 4084 1030 4136 in
1057 4043 1199 4169 oigitando
1218 4083 1255 4136 D.

110 4179 291 4248 incogitundo
321 4180 345 4234 0
436 4197 542 4236 merore
570 4180 697 4235 BODF
785 4200 889 4251 ougeor
916 4180 1019 4248 1301),
1051 4181 1193 4234 Boethius
1224 4182 1256 4234 in

109 4258 261 4315 Heautont
281 4260 368 4327 112,
387 4266 413 4316 3.
449 4278 538 4330 angor
557 4260 623 4314 ΡΖ.
662 4278 766 4329 ongeor
788 4278 849 4315 oum
876 4261 1014 4314 Polmm'o
1038 4260 1185 4315 Actzazius

110 4345 153 4393 te.
177 4357 264 4409 prope
286 4339 448 4394 modumo
535 4338 736 4411 57.PA.1⁴'Z„
776 4358 823 4396 om.
846 4341 909 4395 01).
947 4342 1064 4409 Pamph.
1083 4340 1220 4410 Berytius
1238 4343 1255 4396 l.

108 4435 129 4472 e.
148 4434 170 4472 r.
226 4435 375 4487 queremus
393 4419 499 4473 BDF.
537 4435 590 4488 que
609 4420 747 4473 ramusO
817 4421 897 4475 nobis
916 4438 976 4490 sup.
995 4438 1047 4476 scr.
1066 4420 1109 4474 D²
1182 4423 1256 4491 quod

111 4498 135 4552 0
205 4499 279 4554 secio
299 4500 357 4556 BC
426 4501 503 4570 usus]
523 4517 593 4569 opus
614 4500 644 4552 F
714 4500 763 4570 sit]
783 4501 821 4555 sit
839 4501 956 4571 antipho
974 4501 1002 4554 B

216 4590 279 4643 Act.
301 4589 324 4641 I
350 4592 495 4646 sooerm2
535 4602 671 4655 nummio
701 4605 860 4656 numquis
888 4593 923 4646 Α.
961 4608 1011 4646 om.
1035 4592 1151 4645 Rom
1192 4592 1256 4646 AN-

110 4668 222 4723 ΤΙΡΗΟ
247 4668 297 4723 D³.
339 4668 465 4738 Antipho
494 4668 655 4736 Panegyris.
693 4670 839 4723 Pinacium
867 4670 941 4725 filiae
970 4670 1030 4724 Fu
1124 4677 1166 4726 58.
1195 4664 1256 4735 null

108 4752 977 4818 nonnunuquounnrunsnuPursunuusuonoornroruusosr
1011 4753 1038 4804 A
1134 4752 1184 4806 Cui
1218 4753 1255 4804 1).

108 4829 137 4882 ui
166 4846 227 4884 eum
254 4836 325 4898 spat.
344 4832 406 4885 init.
432 4831 456 4884 0
546 4835 641 4885 manet
665 4829 793 4885 BODZ.
831 4834 927 4885 monet
949 4831 980 4884 F
1069 4848 1162 4885 seruos
1191 4832 1257 4886 titre
