2932 5452
175 316 240 372 XVI
635 316 842 372 PRAEFATIO

172 480 372 546 contrarium
391 502 518 564 quoque
538 481 667 565 accidit,
687 481 777 546 velut
795 480 900 565 primo
919 482 1033 548 statim
1052 486 1205 570 exemplo.
1228 483 1262 551 Ns

173 610 202 652 v.
228 588 292 652 166
315 591 451 653 exeunte
475 588 565 653 deest
586 589 711 672 rectius,
734 587 820 673 quod
845 588 973 655 Reiziua
996 587 1223 678 Bentleinsque
1237 614 1262 658 n

172 695 359 778 pleverunt:
381 695 446 759 iarn
466 719 494 760 v.
518 695 579 761 186
591 718 637 781 sq.
660 695 756 760 initia
780 696 911 763 desunt:
934 699 1031 782 atque
1055 697 1247 765 intercedunt

171 801 304 886 senarii,
336 824 471 867 scaenae
501 802 672 887 inscriptio
701 825 847 888 unusque
875 825 988 869 versus
1018 803 1205 891 licinianus,
1228 828 1262 871 un

171 910 214 972 20
237 931 349 975 versus
374 911 529 994 paginam
553 910 717 995 archetypi
738 910 936 976 continuisse
956 916 1191 996 computamus.
1221 912 1262 988 ur

171 1037 247 1081 vero
266 1016 329 1083 duo
348 1017 466 1082 desunt
483 1017 589 1102 initis,
611 1039 694 1082 unus
713 1017 827 1103 exitus,
848 1017 944 1083 facile
964 1019 1146 1104 explicatur
1159 1042 1231 1086 exv.
1243 1021 1262 1084 ll

171 1124 346 1208 brevitate,
369 1125 424 1208 qui
447 1125 598 1190 lacunam
622 1146 688 1189 non
713 1125 869 1211 attigerit.

259 1231 401 1317 Egregie
420 1232 593 1296 confirmat
610 1232 748 1296 alterum
768 1233 960 1317 exemplum.
993 1231 1077 1300 (lum
1096 1234 1182 1299 enim
1197 1232 1262 1298 infir

170 1361 198 1402 v.
221 1338 285 1403 237
309 1344 384 1420 post
400 1335 540 1425 podest)
564 1339 783 1423 suppleverim
806 1361 861 1404 ra:
883 1360 931 1405 cm
949 1339 1014 1424 tei,
1038 1345 1154 1425 postea
1170 1339 1262 1405 intelle

168 1444 230 1509 hoc
254 1445 425 1511 cohaerere
448 1468 521 1510 cum
545 1445 672 1510 defectu
695 1468 724 1511 v.
747 1446 827 1525 256,
857 1447 913 1511 ubi
943 1446 1039 1514 initio
1061 1447 1159 1512 Hunc
1177 1447 1262 1530 qutun

167 1551 271 1617 deest:
299 1553 364 1618 iam
392 1575 431 1618 ex
455 1552 637 1618 Flekeiseni
668 1552 879 1637 discriptione
905 1553 945 1618 18
970 1575 1083 1619 versus
1107 1553 1262 1620 intercedun

168 1681 207 1723 ex
229 1665 342 1725 nostra
366 1660 419 1726 20.
455 1659 558 1726 Porro
583 1683 612 1724 v.
635 1660 701 1725 295
724 1659 818 1726 initio
837 1658 955 1725 Cotidie
978 1659 1085 1726 deest:
1107 1683 1205 1747 neque
1219 1658 1262 1724 dut

167 1768 252 1832 tabis
275 1769 353 1852 quin
376 1790 449 1834 cum
472 1768 534 1835 hoc
557 1768 684 1832 defectu
708 1767 839 1851 gravior
863 1767 1066 1854 ampliorque
1085 1769 1181 1834 turba
1195 1765 1262 1833 cols

167 1878 247 1958 reat,
271 1897 368 1959 quam
392 1899 420 1940 v.
444 1875 509 1939 312
520 1897 567 1959 sq.
590 1878 659 1938 tam
684 1874 781 1939 verba
803 1895 977 1958 versusque
1001 1897 1102 1960 quarn
1124 1875 1202 1940 mire
1218 1869 1262 1938 inl

167 1981 335 2067 discriptio
360 1982 515 2048 ostendit:
546 2003 696 2047 scaenam
725 1983 833 2046 autem
860 1979 1116 2048 intercedentem
1142 1998 1262 2063 remusqn

166 2089 330 2175 longiores
359 2089 387 2154 si
414 2090 609 2175 respexeris,
636 2089 698 2154 hoc
725 2109 853 2171 quoque
881 2089 953 2153 loco
976 2088 1075 2154 facile
1099 2089 1143 2155 20
1164 2105 1262 2154 versun

167 2197 327 2262 ambitum
351 2197 479 2261 efficies.

255 2302 406 2369 Fortasse
439 2326 480 2367 ne
512 2304 544 2367 id
578 2303 708 2388 quidam
741 2303 830 2367 casui
862 2302 1089 2387 tribuendum,
1124 2301 1204 2390 quod
1226 2316 1262 2364 cn

166 2432 195 2475 v.
213 2411 276 2476 457
303 2411 406 2476 exitus
430 2409 564 2475 mutilus
588 2412 644 2495 sit,
667 2414 764 2475 antea
785 2409 1061 2475 intercedentibus
1082 2412 1101 2476 ‘l
1126 2407 1262 2476 senariitl

169 2519 207 2582 11
239 2519 430 2602 septenariis
458 2517 538 2581 item
566 2517 697 2581 turbam
725 2516 908 2601 graviorem
940 2517 1037 2603 longe
1067 2518 1132 2583 alio
1157 2521 1189 2582 et
1213 2507 1262 2579 test

166 2626 274 2690 monio
298 2629 331 2690 ct
354 2628 546 2710 argumento
570 2645 647 2688 usus
671 2624 781 2688 statui.
818 2622 907 2700 Quae
931 2624 960 2688 si
982 2623 1157 2690 cohaerent
1173 2625 1262 2703 nunqu

165 2733 236 2798 loco
269 2733 413 2798 defectus
446 2731 545 2797 latius
582 2735 697 2817 postea
730 2732 861 2816 serpsit,
898 2730 984 2817 quod
1018 2732 1152 2796 minime
1181 2728 1262 2794 mirus

164 2839 256 2915 Quod
284 2863 360 2906 vero
389 2844 485 2905 antea
514 2863 541 2904 v.
565 2839 687 2923 41'lsq.
719 2843 862 2903 extrema
889 2838 1047 2903 vocabula
1076 2839 1198 2921 desunt,
1219 2831 1262 2898 nih

165 2945 403 3034 respondet**).

252 3053 341 3119 Idem
366 3056 478 3120 cadere
497 3055 622 3119 videtur
645 3055 679 3117 in
697 3076 726 3117 V.
743 3054 807 3118 497
834 3057 924 3118 sexto
949 3053 1030 3138 pede
1050 3057 1216 3119 carentem:
1235 3064 1262 3111 se

164 3161 290 3226 videtur
312 3167 441 3228 tantum
464 3163 568 3247 primo
594 3162 718 3225 obtutu.
756 3160 841 3225 Nam
865 3183 893 3226 v.
912 3162 976 3226 537
1002 3182 1075 3225 cum
1098 3182 1157 3245 pro
1179 3172 1262 3223 senar

165 3272 270 3335 exstet
300 3269 489 3356 ‘quinarius'
522 3274 589 3333 tam
622 3270 656 3332 in
684 3264 788 3333 BOD
821 3290 918 3352 quam
946 3269 981 3331 in
1005 3269 1037 3332 A
1065 3270 1142 3352 post
1170 3266 1262 3330 alioru

232 3498 257 3567 ¹³)
273 3496 327 3552 Ubi
343 3517 377 3531 Ν
392 3514 493 3552 nomen
508 3497 650 3567 proprium
669 3495 827 3566 significare
846 3498 958 3552 videtur
972 3497 1018 3566 (cl.
1029 3496 1185 3553 ad'I'rucnl.
1195 3494 1257 3547 stt

162 3579 291 3634 Ceterum
310 3578 422 3648 saepius
441 3577 492 3632 illa
511 3577 618 3632 ratione
637 3593 681 3631 mc
701 3595 757 3632 non
776 3579 882 3633 motum
901 3594 970 3648 esse,
988 3578 1038 3632 sed
1051 3578 1151 3648 postea
1163 3573 1262 3629 confint

159 3661 229 3727 tum,
248 3658 294 3714 vel
312 3659 376 3712 inde
395 3656 544 3727 intelleges
562 3656 637 3726 quod
655 3675 720 3712 mox
739 3656 897 3727 exemplum
915 3656 1057 3727 proferam
1071 3673 1128 3710 non
1142 3659 1211 3710 recte
1222 3664 1262 3704 ar

159 3742 319 3808 tractatum,
335 3756 398 3794 cum
413 3739 483 3794 haec
498 3737 578 3792 finita
592 3737 704 3792 demum
719 3737 879 3793 recensione
894 3739 923 3792 et
937 3755 970 3793 ex
983 3739 1064 3807 parte
1078 3737 1154 3807 typis
1168 3732 1262 3800 exseri}

159 3822 243 3890 plane
262 3819 459 3890 perspexerim.

212 3900 253 3967 **)
273 3902 350 3965 Quae
365 3917 429 3953 cum
443 3899 485 3953 ita
499 3899 568 3966 sint,
587 3899 793 3970 neglegendum
810 3916 865 3954 non
879 3898 933 3953 erit
946 3898 975 3951 in
994 3898 1087 3968 priore
1102 3915 1180 3954 versu
1193 3908 1262 3963 unp

159 3982 224 4049 post
241 3981 333 4034 seems
358 3996 414 4033 non
437 3979 529 4032 minus
547 3979 630 4034 facile
654 3980 689 4035 ob
709 3979 800 4034 simila
818 3978 949 4034 vocabuli
972 3978 1116 4033 exordium
1138 3974 1262 4033 intercid⁴

159 4060 292 4128 potuisse,
313 4076 396 4129 qnam
415 4059 444 4112 in
463 4061 562 4127 altero,
581 4060 629 4114 nbi
643 4063 707 4130 post
724 4062 835 4115 inanem
849 4057 1056 4113 coniunctivum
1071 4056 1235 4126 requirimus,

159 4139 234 4194 milis
255 4139 415 4194 terminatio
434 4140 534 4194 vitium
557 4157 703 4210 procreare
723 4138 823 4210 potnit.
857 4139 934 4208 *Nam
957 4139 1069 4207 praeter
1087 4153 1195 4191 causam
1210 4139 1262 4217 (11¹¹2

158 4238 243 4290 supra
261 4220 346 4273 altius
365 4220 546 4289 repetivimus
565 4226 650 4276 etiam
669 4218 808 4276 eiusmodi
831 4216 1002 4273 detrimenta
1019 4216 1175 4272 Rudentem
1192 4221 1262 4283 cep1E

160 4305 205 4356 sat
223 4299 314 4354 multa
332 4300 460 4369 exempla
478 4302 608 4371 probant.
646 4302 775 4356 Ceterum
795 4318 820 4354 v.
840 4306 943 4367 lllsq.
963 4299 1055 4353 minus
1073 4303 1148 4353 racto
1165 4295 1262 4351 Herma

156 4401 208 4437 nus
228 4381 382 4437 scribebat:
406 4383 432 4436 si
449 4384 625 4449 moventes,
645 4384 687 4437 ita
704 4385 748 4437 uti
766 4397 840 4436 nane
869 4381 873 4450 Ι
904 4381 1082 4447 Affectaterrr:
1100 4380 1168 4433 enias
1185 4393 1205 4429 e.
1222 4389 1262 4437 (ἰν

157 4463 198 4518 Ol.
218 4464 304 4519 etiarn
325 4461 506 4518 Mercklinius
525 4464 619 4533 Symb.
639 4464 675 4517 ad
696 4463 774 4518 Curc.
794 4461 835 4517 Pl.
856 4459 899 4514 ed.
919 4458 1004 4530 Dorp.
1024 4476 1049 4514 a
1070 4464 1136 4515 1862
1153 4476 1179 4527 p.
1195 4459 1216 4508 8.
