2932 5452
161 334 213 387 XII
630 329 837 387 PRAEFATIO

161 498 289 583 plenius
313 518 473 563 summare
496 518 682 581 possumus,
710 494 793 560 inter
815 495 880 561 244
903 498 937 560 et
958 494 1025 561 299
1049 514 1163 561 versus
1184 499 1226 561 rta
1243 517 1266 561 u

161 605 259 690 rient,
290 609 327 669 ut
355 604 495 669 medium
523 606 551 670 si
580 603 737 668 efficimus
767 624 950 681 numerum,
981 602 1050 668 270
1076 600 1146 667 fere
1171 602 1266 689 singul

161 713 365 779 conveniant
419 710 524 787 Quare
539 711 613 794 .qui
645 709 732 775 credi
763 712 873 795 potest
904 709 1046 794 quinque
1079 709 1266 793 quaternione

162 820 332 886 continuos
352 840 464 883 omnes
483 819 535 884 vel
555 818 687 882 minimo
702 818 860 884 minorem
872 838 1022 883 versuum
1037 838 1206 883 numerum
1216 838 1266 883 corr

163 927 324 1012 plevisse‘?
374 925 496 1002 Quodsi
525 947 562 989 ex
586 925 736 989 universa
762 923 825 989 bac
852 922 1095 1008 computatione
1123 923 1266 1011 colligiae

163 1033 286 1118 aliquid
305 1034 470 1098 turbatum
490 1031 590 1097 fuisse
603 1014 643 1095 'in
661 1031 713 1096 his
733 1028 1012 1115 quaternionibus,
1035 1029 1070 1095 id
1088 1031 1213 1096 aliunde
1224 1052 1266 1097 cor

161 1141 380 1224 firmatur,ubi
390 1140 487 1205 simili
495 1140 619 1204 ratione
628 1160 723 1224 quam
731 1137 765 1203 in
774 1136 877 1205 Stichi
885 1136 1266 1223 quaternioneIrXXXVII

162 1247 439 1332 deprehendimus,
456 1248 578 1311 iustum
598 1245 816 1331 quaternionis
836 1244 981 1311 ordinem
995 1244 1190 1312 dissolutum
1202 1245 1266 1311 fuiss

160 1353 393 1440 intellegimus.
438 1352 602 1418 Habemus
626 1353 712 1418 enim
734 1352 816 1419 folia
837 1351 923 1417 inter
945 1373 981 1418 sa
1003 1353 1204 1421 continentia

369 1480 443 1545 387.
467 1479 531 1544 388
548 1509 589 1532 =
606 1478 670 1544 725
687 1514 725 1526 -
743 1478 817 1544 743.
841 1478 907 1544 744
920 1514 955 1525 -·
971 1478 1076 1564 762*)

371 1587 443 1651 111.
468 1586 723 1651 112=763-
741 1586 814 1651 779.
839 1584 1109 1673 780-797**),

161 1716 237 1797 post
259 1734 340 1798 quae
363 1711 510 1797 proxima
533 1714 663 1776 serrata
686 1714 762 1776 suut
784 1710 865 1777 folio

365 1828 439 1892 377.
463 1827 528 1892 378
544 1856 585 1880 =
602 1827 664 1892 837
680 1864 724 1873 -
739 1826 813 1893 853.
836 1826 902 1893 854
917 1863 958 1873 -
975 1824 1130 1915 872***);

161 1944 216 2008 ubi
239 1965 305 2009 non
328 1944 402 2028 plus
422 1965 518 2028 quam
537 1965 636 2008 unum
655 1943 768 2009 folium
782 1943 868 2008 inter
881 1942 944 2010 hoc
958 1946 993 2008 et
1005 1944 1066 2009 illa
1084 1942 1266 2011 intercessise<

161 2072 198 2114 eo
223 2049 341 2114 certius
361 2049 523 2114 affirmare
542 2071 727 2135 possumus,
751 2048 827 2134 quia
845 2073 874 2115 v.
895 2048 1070 2117 798-836
1090 2051 1203 2117 senarii
1216 2047 1266 2113 sunl

161 2157 230 2220 siue
254 2155 431 2221 interstitio
454 2157 584 2240 prolati.
631 2156 739 2241 Atque
766 2179 837 2222 cum
865 2157 928 2224 hoc
955 2157 1035 2224 folio
1059 2157 1215 2244 deperdito
1230 2173 1266 2218 ue·

160 2263 301 2329 cessario
325 2263 406 2328 illud
430 2263 669 2348 coniungimus,
693 2262 778 2347 quod
802 2285 900 2347 supra
918 2284 957 2328 ex
976 2260 1186 2330 Studemundi
1204 2258 1266 2326 testi⁴

160 2371 269 2436 monio
298 2370 438 2436 vidimus
466 2392 526 2454 par
553 2369 632 2434 illud
660 2369 811 2435 foliorum
839 2370 985 2455 proxime
1013 2370 1223 2438 antecessisse:
1244 2364 1266 2428 11

159 2479 266 2563 ipsum
286 2477 370 2561 quod
390 2477 469 2542 olim
488 2477 702 2562 praecedebat
719 2477 785 2542 iam
803 2477 973 2545 10115377.
992 2479 1058 2546 378
1077 2471 1266 2566 respondebat

159 2583 275 2668 quibus
296 2583 322 2648 si
342 2585 486 2648 extrema
504 2583 584 2649 folia
603 2583 855 2668 adiunxerimus,
874 2585 1118 2669 quaternionem
1132 2576 1266 2651 LXXXII

158 2689 428 2775 recuperabimus.
474 2689 559 2756 Nam
584 2691 630 2755 sic
654 2691 709 2775 qui
733 2694 861 2756 restant
883 2712 994 2756 versus
1024 2690 1064 2778 (c.
1088 2683 1266 2760 eoo-1422

159 2799 280 2882 optime
304 2798 367 2863 duo
392 2798 620 2883 quaterniones
649 2798 782 2863 ultimos
812 2799 939 2882 explere
962 2803 1147 2882 potuerunt.
1188 2799 1266 2878 Atql

159 2928 257 2971 uuum
281 2908 383 2970 restat
406 2904 520 2969 folium
544 2927 582 2968 ex
607 2904 817 2988 quaternione
841 2903 1021 2969 LXXXIV:

305 3013 379 3078 383.
402 3012 468 3077 384
483 3042 525 3065 =
542 3012 628 3077 1002
644 3048 684 3057 -
702 3012 798 3077 1020.
823 3008 978 3077 10201)-
999 3010 1138 3101 10391).

157 3120 259 3185 Porro
291 3142 356 3185 non
389 3119 521 3184 dubium
551 3122 613 3204 est,
645 3119 722 3203 quin
749 3119 996 3203 quaternionem
1025 3120 1189 3187 LXXXIII
1209 3117 1266 3181 ba·

157 3227 238 3291 folia
259 3227 504 3310 praecesserint:

305 3392 309 3398 .
376 3352 464 3432 [443.
487 3353 691 3418 444=4ee
718 3392 983 3401 -------
1013 3357 1093 3440 err]

356 3473 376 3638 (
413 3469 464 3534 or.
510 3470 1055 3538 oe=518-536.537—555

390 3586 463 3650 313.
487 3586 552 3650 314
568 3616 608 3637 =
624 3585 688 3650 556
706 3622 742 3632 -
761 3587 835 3654 ero.
859 3587 1117 3677 ero-esre)

374 3703 461 3784 [425.
485 3702 721 3769 rao=5ee
759 3743 802 3748 --
1017 3704 1059 3790 u.

227 3912 253 3980 ²⁸)
280 3910 417 3964 Constant
446 3908 555 3964 numeri
580 3906 696 3962 alterius
724 3905 859 3977 paginae,
887 3905 942 3962 etsi
969 3908 1043 3965 inter
1070 3929 1096 3967 r.
1116 3917 1166 3967 749
1186 3912 1212 3965 et
1233 3912 1266 3961 rh

157 4008 226 4044 unus
244 3993 354 4044 tantum
374 3989 403 4042 in
423 3991 449 4042 A
467 3988 534 4056 fuit,
554 4006 617 4045 oum
636 3987 708 4043 alius
727 3987 885 4042 intercedat
901 3986 976 4044 inter
994 4008 1020 4046 v.
1041 3996 1093 4048 747
1111 3995 1140 4047 et
1159 3998 1211 4047 748.

225 4068 266 4137 **)
291 4070 321 4122 In
340 4069 431 4137 priore
450 4068 554 4139 pagina
572 4084 643 4123 unus
663 4088 687 4123 v,
709 4070 783 4138 (767)
803 4067 953 4138 bipartitus
972 4073 1028 4140 est,
1052 4075 1266 4128 extramurana

156 4152 192 4205 ob
210 4168 311 4206 novam
331 4165 458 4204 scaenam
478 4149 674 4219 suprascriptis
693 4149 826 4220 personis.
878 4208 882 4210 ,

194 4231 253 4299 ***)
273 4231 349 4282 Inter
363 4248 388 4282 v.
404 4234 455 4282 850
470 4233 499 4284 ct
513 4235 563 4284 851
578 4247 666 4285 novus
681 4230 791 4285 accedit
804 4232 834 4284 et
846 4246 918 4285 unus
933 4249 958 4285 v.
972 4231 1182 4304 inscriptionem
1196 4231 1266 4287 habe

234 4313 264 4380 †)
284 4307 425 4378 inpriore
445 4310 549 4378 pagina
567 4328 637 4364 unus
658 4331 681 4366 v.
702 4312 795 4380 (1004)
815 4310 963 4380 bipertitus
982 4314 1034 4367 est.

218 4392 266 4461 ἡ)
287 4389 426 4456 Quattuor
444 4408 470 4444 v.
485 4391 557 4460 (564.
577 4397 636 4446 565.
657 4397 716 4446 570.
737 4392 800 4461 586)
819 4389 948 4461 bipartiti
966 4396 1042 4462 sunt,
1066 4394 1122 4452 duo
1140 4389 1266 4464 Inscripti.

154 4489 217 4527 nem
236 4470 380 4541 praebent.
