2932 5452
169 356 232 418 112
671 352 804 407 prava
1118 355 1187 423 114,

648 514 820 570 cmmouvs

166 604 249 682 Quid
272 628 357 671 nune
379 606 480 690 igitur
502 605 648 671 stamus?

561 774 564 781 .
647 728 824 783 Psaruouva

643 819 817 884 Hominem
842 842 914 885 eum
938 819 1137 885 ernamentie
1158 821 1195 883 en

165 906 366 990 E'lxomatum
391 925 539 990 adducite
563 925 603 1024 ad
627 947 677 990 me
701 927 768 991 iam
792 926 832 991 rid
854 927 1046 1011 tarpezitam
1071 926 1194 990 Ae'sehi

165 1031 227 1098 Sed
251 1037 431 1117 properate.

646 1155 819 1211 crumenas

439 1245 533 1311 Prius
557 1246 605 1310 illi
629 1247 749 1312 erimus
772 1248 870 1332 quim
893 1252 938 1313 tu.

646 1384 823 1440 Peuvuouve

942 1477 1039 1542 Abite
1062 1498 1140 1562 ergo
1164 1477 1195 1541 ό(

166 1584 326 1670 Quicquid
350 1580 467 1648 incerti
488 1583 533 1647 mi
557 1583 590 1646 in
615 1583 722 1648 anime
746 1581 835 1667 prius
859 1588 916 1647 aut
939 1584 1127 1668 ambiguum
1151 1582 1195 1646 sui

164 1690 258 1756 Nune
276 1692 388 1775 liquet,
412 1711 496 1754 nune
511 1688 743 1753 defaecatumet
763 1692 817 1754 etr
836 1691 924 1774 mihi,
943 1712 1029 1755 nune
1043 1690 1195 1775 perusiam

164 1782 277 1862 Omnis
301 1797 416 1862 ordine
439 1797 499 1861 sub
523 1797 626 1880 signis
650 1796 764 1861 ducam
788 1797 932 1882 legione‘s
955 1820 1044 1862 meas

163 1887 226 1969 riui
250 1904 395 1987 sinistra,
419 1901 562 1988 auspicio
587 1902 709 1986 liquido
734 1906 829 1987 atque
854 1906 893 1967 ex
916 1927 988 1968 mea
1011 1904 1181 1968 sententia.

163 2010 398 2077 Orinfidentirist
421 2009 570 2073 inimieoe
594 2011 683 2073 meus
708 2033 758 2073 me
781 2032 876 2093 posse
900 2011 1043 2094 pe‘rdere.

163 2116 257 2182 Niine
280 2118 334 2181 ibo
360 2116 399 2181 ad
423 2116 530 2181 ferum
554 2118 650 2201 sitque
675 2117 816 2181 onerabo
840 2115 921 2181 meis
945 2118 1124 2201 praeceptis
1145 2115 1195 2181 Sin

181 2262 202 2267 --
212 2262 229 2268 ..
235 2260 374 2268 ...ω-...-

234 2342 293 2391 762.
318 2342 377 2392 763.
402 2336 514 2390 Nouius
532 2353 562 2405 p.
582 2340 718 2402 334‚20:
753 2333 935 2405 Liquidum
971 2337 1015 2391 eet
1041 2353 1195 2407 prosperan

162 2415 304 2471 Plautus
322 2415 504 2471 Pseudolo:
529 2416 583 2468 ‘ab
604 2414 750 2471 sinistra
769 2459 775 2471 .
796 2459 802 2471 .
823 2459 828 2470 .
847 2417 1005 2486 perdere’

163 2528 181 2534 -..
192 2528 374 2535 -—-—

233 2599 294 2649 766.
316 2594 450 2649 ‘titurius
468 2593 533 2647 haee
551 2593 667 2659 sortasse
685 2595 784 2649 rectius
803 2594 968 2648 tribuentur’
990 2593 1157 2648 Ritsctele'us

164 2673 355 2728 hornumeutis
375 2673 503 2728 omnibus
522 2672 559 2726 D.
597 2690 682 2741 quom
701 2673 857 2728 ornamenti
876 2674 1018 2728 soumibue
1038 2674 1066 2727 Β
1138 2677 1195 2726 767.

163 2753 218 2807 eite
237 2754 268 2807 F
337 2754 418 2809 adme
437 2754 464 2807 Β
537 2752 592 2806 iam
612 2754 648 2806 ad
667 2752 845 2824 tarpezitam]
865 2754 920 2806 iam
940 2752 1138 2822 attrapezitam
1158 2751 1195 2806 Ci

159 2868 195 2921 ad
214 2870 379 2938 trapezitam
401 2869 431 2923 F
434 2869 465 2922 Z.
503 2867 558 2923 iam
578 2832 766 2937 attrapeZiam
787 2869 815 2923 Β
886 2870 1055 2937 aeschynum
1072 2867 1102 2920 F
1172 2873 1195 2920 ἵε

159 2950 195 3004 F.
233 2949 288 3005 CH.
312 2951 397 3016 12³2,
421 2949 619 3005 Fleckeiseuua.
662 2949 710 3003 PS.
737 2948 840 3002 ΒΟΙ)1
933 2947 1195 3016 iiliBeutleius,1

161 3029 221 3083 illie
240 3032 306 3085 iibri
377 3030 427 3084 PS.
448 3046 497 3084 om.
517 3030 620 3095 1301),
639 3046 700 3082 erum
717 3030 807 3097 spatio
821 3029 862 3094 B,
881 3029 939 3082 siue
957 3045 996 3097 sp.
1013 3028 1071 3082 01)
1143 3044 1195 3095 erg·

160 3113 186 3175 e)
204 3109 235 3163 D
307 3110 387 3164 Otius
402 3110 458 3163 OD
521 3109 621 3164 Versus
635 3114 782 3164 759-766
800 3110 832 3161 iu
850 3109 1030 3177 suspicionem
1048 3112 1125 3162 uuest
1141 3107 1195 3160 Lor

158 3189 193 3255 ef.
208 3190 359 3244 Muellerus
377 3190 454 3244 Pros.
469 3207 499 3259 p.
515 3193 570 3243 463
590 3190 654 3243 adn.
733 3194 792 3242 759.
812 3187 881 3241 mihi
906 3188 972 3242 iibri
1048 3187 1195 3255 ambigunt

160 3268 287 3337 ambigui
305 3271 463 3324 dubitanter
482 3272 513 3324 in
532 3271 596 3323 adu.
608 3268 759 3322 Lereueius
832 3273 891 3321 760.
912 3267 1070 3321 defecatum
1092 3266 1115 3319 ei
1131 3268 1187 3332 (est

157 3347 243 3413 (siser
257 3349 327 3415 BD)
345 3351 410 3404 iibri
481 3350 636 3418 peruiamet
655 3348 813 3417 Speupelius
834 3346 1082 3415 ‘lieformuorsett'
1100 3363 1130 3414 p.
1144 3351 1195 3401 295

158 3429 234 3482 uiast
257 3429 395 3484 Rom.
432 3429 588 3498 peruiumet
610 3429 660 3483 D³.
702 3445 751 3496 per
774 3427 836 3482 uias
856 3428 883 3482 0.
922 3429 966 3482 est
983 3425 1118 3495 peruium.
1139 3427 1195 3480 Rus

158 3525 218 3565 eum
232 3526 280 3564 eor
294 3509 363 3564 mihi
377 3526 451 3563 nune
466 3512 582 3579 iunqeus
636 3525 684 3563 eor
697 3507 775 3576 mihi,
794 3525 867 3562 nune
881 3506 1048 3577 protumiust
1063 3506 1195 3560 Muelleru

153 3608 182 3659 p.
194 3594 256 3645 463.
283 3608 330 3645 eor
344 3589 423 3657 mihi,
434 3607 507 3643 nuuc
520 3604 570 3657 per
584 3591 644 3642 uias
653 3591 726 3651 (crem
735 3588 906 3656 sequentibus
916 3589 1042 3654 iuaqeus)
1053 3584 1189 3653 Berpiuus

156 3671 237 3725 uotl
252 3676 353 3738 p.127.
382 3671 416 3736 ef.
432 3670 551 3723 Briaius
566 3668 629 3720 Em.
645 3669 675 3722 iu
691 3668 768 3735 Capt.
779 3684 808 3735 p.
820 3672 862 3720 11.
891 3682 938 3720 eor
956 3664 1039 3729 mihi,
1059 3681 1195 3734 nuueper

156 3750 271 3803 Blasius
286 3750 322 3805 W
322 3751 441 3818 oelffiiui
454 3749 553 3803 Arelaii
570 3747 830 3813 eol.1V(a.1se7)
840 3763 869 3814 p.
881 3749 937 3800 323
999 3750 1058 3799 761.
1079 3742 1181 3798 Omnes

158 3829 254 3882 ordine
278 3829 410 3900 Scaliger,
433 3830 618 3884 Bouhoraius.
665 3824 776 3881 ordines
803 3827 881 3893 iibri,
904 3824 1040 3903 Berytius
1063 3825 1080 3877 l.
1100 3842 1121 3879 s.
1140 3841 1160 3876 s.

157 3924 210 3977 ego
228 3925 289 3962 eum
303 3910 498 3978 Karupruanuo
517 3911 550 3963 de
567 3909 621 3962 reb.
635 3908 691 3961 mil.
707 3907 751 3961 Pl.
769 3924 796 3974 p.
808 3911 852 3973 11,
870 3905 1036 3959 Ritschelius
1100 3905 1150 3957 sub
1169 3922 1195 3958 ur

157 3985 275 4055 legionis
295 4004 373 4042 meae
393 3988 540 4043 ‘Laeuius'
562 3988 638 4054 apud
655 3986 803 4042 Gruterum
876 3985 997 4039 Ceterum
1015 3985 1088 4038 brerae
1106 4002 1130 4038 u.
1149 3991 1173 4039 et
1189 4003 1195 4037 s

157 4074 206 4122 um
226 4068 294 4122 delet
316 4068 459 4136 Ussinpius
532 4073 590 4120 762.
609 4067 643 4119 ab
660 4067 778 4122 Nonius.
813 4067 872 4119 Aue
892 4083 951 4120 eum
966 4065 1067 4119 Rutirio
1082 4064 1195 4119 Ritsetei

156 4146 262 4215 liquido
283 4149 366 4215 atque
386 4165 419 4201 er
438 4163 501 4201 mea
514 4148 637 4200 Boetius.
672 4145 778 4213 liquido
798 4150 882 4213 atque
892 4145 986 4214 (etrier
999 4145 1031 4211 G)
1047 4162 1080 4197 ex
1096 4144 1195 4211 librati

156 4228 263 4296 liquido
278 4230 362 4296 atque
378 4246 409 4282 ex
426 4227 510 4280 animi
521 4227 669 4281 Beratleius.
695 4225 801 4293 liquide
816 4226 922 4293 liquido
942 4228 1025 4293 atque
1045 4240 1078 4277 ex
1099 4225 1195 4279 iderui

228 4308 371 4362 sentencia
389 4308 416 4361 Β
489 4313 547 4360 763.
568 4307 743 4360 Confidentia
762 4310 805 4359 est
824 4306 994 4373 (Confidenti
1014 4322 1031 4358 a
1049 4308 1094 4357 est
1108 4305 1149 4362 D)
1166 4305 1195 4359 lit

156 4404 231 4443 meos
250 4388 307 4456 me]
327 4404 404 4440 urens
423 4404 486 4440 mea
503 4387 614 4442 Nonius
683 4393 742 4441 764.
761 4385 902 4439 honorabo
922 4386 1012 4440 BCD
1072 4383 1153 4455 meis]
1168 4399 1195 4437 m*

225 4467 465 4538 preceptissimam
486 4468 520 4520 B.
558 4465 715 4536 praeruptis
736 4465 880 4520 Simmiam
900 4464 1064 4519 Ititsehelius
