2932 5452
224 335 267 399 26
731 337 867 394 Panvrl
1186 338 1246 407 lu,
1268 345 1373 395 rs-ac

304 493 312 514 Ι

291 516 380 581 Vnde
404 540 463 581 nos
487 517 611 582 hostius
636 519 732 602 sigere
755 520 805 584 uis
828 521 890 585 tibi
909 521 995 586 huc?

290 622 386 688 Nunc
408 624 469 688 tibi
494 624 719 708 amplectimur
742 647 849 711 genua
873 629 1006 711 egente's
1030 649 1142 711 opum,

291 729 379 805 Quae
403 729 437 795 in
460 731 539 795 loeis
563 732 680 796 nesciis
704 733 812 798 nescia
836 737 894 818 spe
916 757 1037 816 sumus,

290 815 333 903 it
354 841 411 903 tuo
434 838 571 921 recipias
594 840 681 904 tecto
705 842 878 924 seruesque
900 863 960 907 nos

292 942 559 1030 Miseriarrimque
581 948 614 1009 te
639 946 806 1011 ambirum
830 947 878 1012 uti
902 944 1067 1014 misereat:

270 1049 393 1125 Quibus
418 1073 476 1116 nec
499 1052 606 1116 locust
628 1053 714 1117 ullus
737 1055 796 1118 nic
819 1075 892 1137 spes
916 1055 1076 1139 paratust,

268 1155 381 1242 Neque
405 1158 466 1223 hoc
489 1159 627 1242 amplius
651 1159 737 1245 quod
760 1159 852 1224 uides
875 1161 971 1227 nobis
996 1159 1210 1254 quicquamst.

667 1300 926 1356 Pronnuoouurm

269 1389 384 1454 Manus
408 1390 488 1454 mihi
511 1391 586 1455 dcte
610 1392 774 1477 exsurgite
798 1393 817 1456 ri
840 1392 978 1478 genibus
1001 1394 1130 1459 imbue:
1319 1410 1373 1460 280

268 1495 507 1562 Misericordior
530 1497 621 1563 nulla
644 1501 729 1563 mest
751 1499 955 1566 feminarum.

268 1602 331 1668 Sed
353 1604 435 1669 hae'c
457 1607 616 1689 pauperes
639 1628 690 1670 res
715 1610 791 1671 sunt
814 1604 993 1693 inopesque
1017 1607 1198 1674 aediculae:

223 1710 365 1798 Egomet
387 1712 442 1776 uix
465 1711 518 1777 hic
540 1712 643 1777 uitam
666 1713 752 1778 colo:
776 1710 901 1779 Veneri
921 1714 995 1780 cibo
1018 1737 1091 1781 meo
1115 1716 1231 1782 seruio.

704 1852 879 1910 Aaronom

316 1941 453 2008 Veneris
477 1944 600 2029 fanum,
624 1945 770 2024 obsecro,
793 1945 856 2009 h6c
879 1946 950 2011 cst?
1319 1961 1372 2010 284

226 2081 437 2089 ——..-1-

295 2153 356 2201 273.
376 2145 522 2202 Charisius
539 2148 603 2201 inst.
624 2148 666 2200 ΙΙ
678 2164 708 2216 p.
727 2151 792 2215 224,
811 2149 907 2203 17K..·
931 2149 1004 2204 unde
1028 2166 1078 2219 pro
1098 2165 1113 2203 e
1133 2166 1188 2217 quo
1207 2149 1270 2203 loco
1290 2147 1373 2202 Plau-

224 2230 271 2281 tus
290 2226 318 2281 in
337 2225 465 2281 Rudente
485 2226 589 2282 ‘unde
609 2270 616 2283 .
638 2269 644 2281 .
663 2270 670 2283 .
690 2270 696 2282 .
715 2225 873 2283 uoluisti’
948 2232 1009 2285 275.
1032 2228 1138 2284 Gellius
1155 2228 1194 2284 N.
1209 2229 1246 2283 A.
1260 2227 1313 2281 IX
1326 2233 1375 2302 12,

224 2311 275 2363 21:
300 2306 409 2363 nescius
434 2324 546 2376 quoque
569 2307 672 2362 dieitur
690 2310 748 2363 tam
768 2308 791 2362 is
810 2308 859 2377 qui
878 2307 1001 2363 nescitur
1019 2325 1102 2378 quam
1122 2307 1170 2377 qui
1188 2307 1288 2363 nescit.
1325 2307 1375 2362 sed

226 2405 311 2458 super
329 2405 362 2444 eo
382 2388 431 2458 qui
445 2387 534 2442 nescit
552 2389 682 2458 frequens
700 2386 782 2442 huius
796 2387 928 2444 uocabuli
946 2407 1012 2443 usus
1027 2392 1083 2459 cst,
1102 2387 1264 2458 infrequens
1277 2391 1373 2442 autem

225 2470 269 2522 est
288 2466 323 2522 de
343 2484 375 2523 eo
394 2467 467 2537 quod
488 2468 810 2524 nescitur....Plautus
827 2468 858 2522 in
876 2467 1004 2524 Rudente
1024 2470 1126 2537 ‘quae
1145 2511 1151 2523 .
1170 2512 1175 2524 .
1192 2512 1220 2525 ..
1241 2467 1372 2522 sumus’

297 2549 410 2604 Nouius
424 2566 454 2618 p.
474 2552 543 2617 145,
561 2553 592 2604 7:
619 2548 743 2603 nescium
771 2564 821 2617 pro
847 2546 999 2618 incognito.
1040 2548 1157 2602 Plautus
1185 2545 1216 2602 in
1244 2547 1373 2604 Rudente

227 2631 328 2701 ‘quae
348 2673 354 2685 .
375 2673 381 2686 .
402 2672 408 2683 .
428 2628 571 2684 sumus’:
591 2627 631 2697 Os.
652 2629 815 2685 Gulielmius
835 2627 885 2698 Qu.
905 2628 937 2680 ia
955 2625 1030 2682 Ruri.
1047 2644 1076 2696 p.
1095 2630 1151 2681 437
1264 2706 1278 2724 '

228 2753 440 2761 u—-n--..—-

297 2825 358 2872 ⁶273.
377 2816 428 2871 tibi
449 2816 645 2885 amplectimur
659 2816 738 2870 13³2.
759 2814 822 2884 tibij
842 2812 1038 2882 amplectimur
1056 2811 1105 2866 ΙΝ.
1126 2811 1179 2865 tibi
1198 2811 1255 2867 iam
1273 2813 1373 2882 plecti-

226 2916 288 2952 mur
307 2898 370 2952 ΒΟ.
402 2894 456 2950 tibi
475 2897 678 2964 amplectemur
697 2896 727 2949 F
810 2895 852 2950 uis
871 2895 924 2949 tibi
943 2894 997 2948 huc
1017 2891 1057 2947 Β.
1091 2891 1206 2948 uoluisti
1225 2895 1280 2948 huc
1300 2896 1374 2949 libri.

226 2978 340 3032 uoluisti
361 2975 504 3032 Charisius
523 2976 561 3047 (*)
660 2982 720 3032 2⁷5.
749 2976 779 3029 in
806 2977 868 3031 loeo
893 2975 917 3028 si
940 2973 1031 3028 nescis
1050 2974 1133 3028 Harl.
1157 2975 1261 3043 aliique
1283 2975 1376 3029 Nonii

230 3058 306 3113 codd.
379 3056 487 3111 nescias
506 3057 644 3125 pessimus
663 3057 739 3112 codd.
759 3056 838 3123 Gelu,
855 3054 963 3110 nescias
983 3069 1128 3122 pessumus
1142 3053 1217 3108 Noa.
1233 3053 1317 3108 Harl.
1334 3055 1373 3124 (⁸)

297 3143 358 3191 277.
383 3136 587 3206 miseriarumq
611 3138 662 3192 1)³.
699 3137 875 3191 Miseriarum
898 3153 952 3208 quq
975 3133 1113 3189 nom.
1151 3134 1374 3203 miserorumque

227 3218 258 3274 F
341 3217 501 3284 ambarum,
520 3236 548 3271 m
566 3235 599 3273 ec
617 3218 636 3271 b
655 3221 727 3274 inter
745 3218 930 3283 scribendum,
948 3215 976 3268 B
1061 3219 1120 3268 278.
1140 3213 1374 3295 locustReizius.

227 3298 305 3353 locus
324 3298 390 3354 iibri
461 3301 561 3367 parata
580 3302 623 3354 est
641 3301 707 3354 libri
725 3298 762 3368 (¹⁸³)
834 3301 895 3350 279.
915 3294 1045 3364 amplius.
1064 3311 1083 3362 p
1102 3310 1135 3347 sa
1152 3294 1182 3361 b,
1198 3295 1226 3347 B
1300 3296 1376 3362 quod

227 3379 348 3434 Reisius.
373 3395 455 3448 quam
476 3379 550 3448 quod
569 3381 649 3448 (quot
666 3379 732 3448 ΒΟ)
752 3379 817 3433 libri
893 3374 971 3429 uides
992 3373 1056 3429 M.
1075 3374 1173 3427 uidens
1191 3373 1220 3427 B
1228 3373 1305 3428 0D1.
1334 3375 1376 3428 ui·

228 3496 295 3551 deas
314 3495 356 3549 D³
429 3494 612 3563 cuiquamst
630 3495 708 3550 ΝΖ,
729 3466 897 3564 {quius
919 3488 1142 3558 uusquasrcn
1214 3494 1275 3542 rso.
1292 3489 1377 3544 azur.

225 3582 296 3647 spot.
315 3581 379 3631 cute
396 3576 496 3631 Manus
514 3576 541 3629 B
631 3576 710 3642 dato,
729 3576 766 3628 da
783 3591 817 3629 ca
836 3589 869 3626 ex
887 3576 918 3625 ut
936 3571 990 3625 virt.
1011 3587 1094 3636 corr,
1112 3569 1147 3624 B.
1181 3567 1293 3641 dath

229 3656 356 3727 exsrgite
376 3657 441 3711 libri
512 3661 575 3709 281.
594 3670 639 3709 mc
658 3658 701 3709 est
719 3656 785 3709 libri
856 3658 917 3707 282.
937 3651 989 3723 heo
1008 3667 1041 3704 ex
1065 3651 1110 3703 hic
1128 3649 1232 3703 ataid.
1252 3649 1289 3702 B.
1322 3649 1378 3703 hae

226 3738 258 3791 Z.
278 3737 313 3791 he
332 3736 363 3790 F
446 3751 490 3789 res
509 3735 543 3791 B.
572 3751 621 3789 om.
643 3735 764 3790 ODFZ
846 3731 991 3787 aediculae
1010 3731 1061 3796 (vel
1079 3728 1175 3796 uillae)
1195 3727 1235 3785 Ε.
1263 3727 1378 3797 puellae

227 3817 350 3884 ΜΨ
423 3815 665 3884 wmfflst
1088 3889 1094 3899 ι

387 3897 507 3966 Egomet
526 3897 572 3950 uix
591 3895 652 3950 uita
670 3896 732 3950 colo
750 3893 841 3950 ueniri
859 3893 922 3948 cibo
939 3907 1002 3946 meo
1023 3906 1133 3944 sermuo

459 3974 576 4029 Veneris
595 3976 663 4029 sumi
682 3975 795 4030 obsecro
815 3974 868 4029 hoc
887 3975 938 4028 est.
1128 3969 1231 4024 Fateor

388 4073 440 4125 ego
460 4054 519 4108 hui‘
539 4056 595 4110 fani
615 4054 741 4110 sacerdos
761 4053 849 4110 clueo.
882 4055 956 4107 Ven'r
976 4050 1109 4120 quioquid

390 4143 404 4189 e
424 4135 540 4189 comiter
559 4136 608 4190 fiet
626 4153 687 4190 ame
708 4153 762 4204 quo
781 4140 817 4191 fic
836 4134 917 4205 copia
935 4130 1044 4187 ualcbit

389 4214 429 4269 Ite
448 4215 501 4268 hac
521 4215 606 4269 meeu.
766 4216 863 4270 Amice
882 4214 1029 4282 benigneqv
1047 4212 1152 4265 honore

389 4294 526 4366 maturrir
547 4314 643 4367 habos¹
770 4314 889 4384 Oportet

230 4413 248 4448 o
266 4408 319 4462 quo
337 4393 387 4447 trac
405 4396 542 4448 notandae
560 4396 773 4463 discrepantiae:
797 4395 843 4448 hic
867 4391 955 4446 uitam
974 4388 1013 4444 θ.
1051 4389 1140 4443 uitam
1163 4390 1245 4443 ceteri
1263 4406 1380 4458 quoque,

230 4476 288 4531 nisi
305 4475 378 4544 quod
397 4472 424 4525 ui
443 4490 463 4526 s.
482 4492 507 4528 u.
527 4474 568 4528 D²
636 4475 731 4529 uencri
749 4474 858 4528 ΝΜ
928 4470 1019 4523 seruio
1037 4469 1093 4535 D¹,
1113 4468 1290 4523 Oarnerarius
1311 4472 1381 4539 (ser-
