2932 5452
112 740 220 791 bt-88
591 731 778 787 APPENDIX
1194 734 1256 797 143

184 900 226 949 54.
255 910 314 948 esse
336 893 377 948 ibi
399 893 527 948 homines
547 894 688 961 praeferat
713 893 865 947 Muellerus
888 891 965 947 Pras.
984 910 1015 963 p.
1035 898 1109 961 262,
1132 893 1173 948 ibi
1197 911 1257 948 esse

111 978 157 1029 tot
174 972 207 1030 Ε
230 974 326 1041 (simili
348 974 504 1042 corruptela
526 979 557 1026 ut
580 989 604 1027 o.
622 975 671 1041 23)
694 974 762 1028 conl.
784 974 868 1028 Most.
893 987 916 1026 o.
936 978 990 1028 erl
1014 979 1037 1028 el
1056 975 1131 1029 Men.
1150 991 1174 1029 o.
1192 977 1257 1030 259.

113 1055 156 1121 Os.
175 1056 356 1125 Brupuranus
374 1054 391 1107 l.
409 1069 432 1107 s.
451 1069 471 1108 s.
486 1070 517 1121 p.
536 1057 578 1108 41.

184 1139 226 1189 55.
247 1137 357 1203 potesse
376 1131 416 1188 ibi
435 1149 499 1186 eum
517 1132 596 1186 breui
616 1131 674 1186 fieri
696 1133 823 1203 Pplalles.
859 1136 970 1202 potesse
989 1134 1028 1188 ibi
1050 1134 1110 1190 fieri
1128 1151 1191 1189 eum
1206 1135 1257 1190 Ga·

111 1216 256 1271 muamus.
292 1213 333 1268 ibi
355 1229 419 1267 eum
443 1216 554 1282 potesse
573 1211 633 1266 fieri
652 1213 778 1267 Bolbius.
817 1212 858 1278 Of.
880 1214 1032 1269 Muellerus
1049 1215 1126 1270 Pros.
1145 1232 1174 1283 p.
1193 1220 1255 1269 501.

111 1295 200 1351 Hune
216 1312 241 1352 u.
261 1297 335 1364 (item
353 1298 384 1348 ut
397 1310 423 1348 o.
438 1295 484 1363 63)
504 1293 556 1347 del.
575 1291 698 1347 Guietres.
727 1293 770 1347 De
787 1310 811 1346 o.
827 1299 862 1347 56
880 1295 992 1348 delendo
1011 1295 1081 1350 adele
1094 1294 1257 1366 Lanpenurn

111 1377 128 1431 l.
147 1393 169 1433 s.
188 1393 210 1432 s.
225 1394 256 1448 p.
275 1381 339 1431 366.

184 1462 228 1511 69.
249 1455 285 1510 sb
304 1473 337 1511 eo
360 1456 464 1510 delebat
483 1454 694 1523 Kampmanuus
713 1453 816 1508 Annot.
831 1471 862 1523 p.
882 1458 916 1507 14
925 1471 977 1522 sq„-
1000 1455 1034 1520 es.
1055 1454 1258 1512 Stnelemunelus

113 1539 188 1592 Anu.
203 1537 275 1606 pln'l.
297 1535 415 1589 CXIII
432 1536 467 1602 (a.
487 1536 572 1601 1876)
589 1551 617 1602 p.
638 1539 684 1588 68.
727 1532 758 1586 V.
778 1538 812 1585 60
831 1533 879 1586 Ait
897 1550 926 1587 se
945 1534 1106 1590 Lambinus.

185 1621 217 1670 61
229 1633 268 1685 sq.
292 1615 379 1669 isthic
403 1617 447 1668 est
467 1612 589 1668 Guietus.
617 1645 647 1652 —
672 1613 768 1665 tenum
787 1611 901 1666 Veneris
920 1613 1050 1684 Pylades:
1073 1622 1103 1669 ut
1126 1633 1158 1670 eo
1176 1618 1256 1671 uitio-

112 1714 188 1764 sum,
210 1696 284 1765 quod
306 1711 390 1764 neque
409 1695 515 1748 causali
533 1695 642 1748 notione
665 1695 784 1761 peludrut
802 1709 885 1761 neque
904 1695 985 1748 locali
1004 1698 1095 1764 (quarn
1112 1698 1258 1764 probantes
1331 1736 1334 1742 ·

111 1795 136 1831 o.
152 1782 185 1830 se
205 1775 280 1830 hinc.
299 1774 360 1844 ipse
378 1774 452 1828 hune
466 1774 631 1839 Saracenus,
650 1773 731 1826 hune.
751 1772 811 1841 ipse
831 1771 894 1828 hine
908 1773 1040 1843 Reieius).
1070 1776 1162 1831 Possis
1176 1778 1257 1831 etiam

110 1857 208 1910 funum
227 1886 263 1895 -
282 1856 367 1922 etque
387 1854 456 1908 adeo
475 1855 515 1908 vel
533 1852 659 1920 adeoque
679 1852 713 1906 ed
733 1871 773 1921 pr.

184 1950 227 1999 6³.
248 1941 357 1998 Nouem
377 1941 539 1998 conscendit
558 1941 740 1996 Camerarius.
761 1971 793 1981 -
813 1942 896 2010 stqiie
915 1942 1011 1998 auehit
1028 1944 1153 2016 Rpladm.

185 2039 228 2088 65.
253 2033 450 2101 lenonumque
481 2030 583 2085 abiisse
607 2030 733 2100 Pylades.
775 2029 914 2085 Lenonem
939 2031 1060 2087 ubiuisse
1085 2034 1259 2089 Camerarius

110 2113 301 2182 adstipulante
315 2112 406 2167 Leone
419 2113 494 2166 Mus.
509 2111 595 2165 Itleen.
612 2110 706 2162 XXX
714 2109 800 2163 VIII
808 2127 838 2178 p.
853 2115 900 2166 23.
928 2111 1026 2167 Abisse
1043 2113 1172 2168 lenonem
1187 2114 1256 2168 Her·

108 2209 240 2248 mannus.
260 2223 296 2232 -
315 2192 350 2245 ud
369 2193 482 2261 portum
496 2208 580 2259 quom
595 2189 787 2244 Fleckeisenus
801 2191 845 2257 (cf.
861 2191 916 2246 Ea.
933 2193 976 2246 Pl.
987 2210 1017 2262 p.
1032 2195 1079 2262 tr)
1093 2195 1258 2250 adsentiente

109 2278 136 2327 et
155 2273 290 2327 Muellero
311 2271 389 2327 Pras.
409 2289 440 2340 p.
459 2276 515 2326 492
535 2277 559 2324 et
577 2269 729 2323 Lieebberto
747 2272 779 2323 ele
799 2282 877 2327 ul'ou
895 2274 964 2326 coni.
980 2291 1010 2341 p.
1031 2278 1111 2343 btsp.
1135 2279 1193 2330 223
1206 2290 1259 2343 sa:

109 2355 162 2408 etsi
175 2353 284 2408 nullum
297 2352 420 2406 Plautus
433 2352 582 2420 semiplum
596 2351 679 2404 buius
692 2352 796 2418 penoris
809 2352 888 2404 babet
902 2352 1057 2419 (Terentius
1071 2356 1135 2422 duo)
1151 2359 1257 2423 totaque

108 2434 240 2487 narratio
258 2439 332 2486 earet
350 2432 596 2486 coniunctionibus.
636 2428 677 2496 Ol.
697 2431 734 2484 ael
753 2447 775 2484 r.
795 2435 860 2484 267.
882 2432 960 2486 Triu.
979 2451 1003 2486 o.
1024 2439 1069 2501 67,
1087 2435 1122 2487 al.

185 2518 227 2566 68.
248 2516 277 2565 ot
295 2512 320 2565 oi
341 2511 532 2566 Fleelee'seuus
550 2527 606 2564 non
625 2511 793 2577 improbante
811 2510 960 2567 Ilitselielio
980 2515 1077 2580 (lpuse.
1095 2515 1136 2567 II
1146 2531 1174 2582 p.
1191 2519 1260 2569 teo.

185 2599 227 2646 70.
247 2592 320 2646 Nam
335 2591 366 2644 A.
383 2590 493 2659 signum
513 2607 573 2643 sum
593 2589 715 2643 onmium
736 2608 820 2659 quum
838 2590 964 2660 Pylades.
996 2594 1257 2662 Nun‹1;A.siguu1u

109 2691 136 2726 o.
158 2691 219 2726 sum
241 2673 424 2726 Camerarius.
458 2672 531 2723 Num
549 2674 580 2723 A.
602 2688 625 2724 o.
647 2687 707 2722 sum
726 2670 835 2737 signum
853 2668 975 2723 Guietus
1009 2671 1080 2725 Nam
1101 2672 1210 2741 signum
1225 2679 1256 2726 A.

107 2771 136 2806 o.
149 2771 210 2806 sum
219 2752 340 2806 Reieius.
361 2751 386 2803 N
389 2769 433 2805 em
444 2751 475 2804 A.
487 2751 628 2819 signorum
641 2767 664 2804 0.
676 2768 696 2801 s.
716 2749 867 2803 Muellerus
880 2749 957 2803 Pros.
963 2768 989 2819 p.
998 2755 1060 2819 539,
1071 2752 1257 2807 llerrnannns.

186 2847 229 2894 71.
256 2840 356 2894 Versus
373 2841 408 2894 ab
426 2841 572 2907 interprete
590 2840 666 2892 docto
686 2839 797 2891 (mullus
815 2840 958 2892 oefrlebotnr
977 2840 1142 2895 Ileiatrloni
1160 2844 1176 2895 l.
1196 2859 1216 2895 s.
1236 2859 1257 2895 s.

107 2942 140 2991 p.
161 2926 237 2989 278,
257 2922 306 2989 aui
324 2927 413 2974 tarnem
431 2921 562 2975 rusticam
577 2921 671 2986 potius
690 2920 884 2972 astronomiam
903 2921 1008 2974 redolet.

186 3015 229 3062 72.
255 3010 314 3063 Huc
340 3011 407 3078 (scil.
432 3009 524 3076 eiecti)
549 3008 673 3062 Bollrius.
704 3038 736 3046 -
765 3008 847 3060 umbo
872 3007 914 3060 illi
937 3008 965 3060 in
990 3025 1055 3062 saxo
1076 3009 1256 3064 Carnerurius.

111 3121 147 3130 —
163 3091 284 3158 lenoque
299 3093 382 3158 etque
396 3088 518 3142 Guietus.
535 3119 566 3125 —
582 3090 666 3155 atque
682 3087 783 3154 hospes
798 3086 822 3137 is
832 3087 958 3156 Pyleutes.
985 3093 1068 3155 atquo
1083 3089 1142 3141 eius
1157 3089 1257 3159 hospes

110 3171 313 3236 Fiscianensis,
328 3170 514 3223 Ilermannus.
540 3169 636 3222 Posses
649 3168 766 3234 lenoque
782 3168 811 3220 et
826 3168 937 3236 hospes:
956 3169 1002 3222 sal
1016 3170 1174 3223 ullitterutio
1187 3187 1256 3224 eorn-

110 3252 223 3303 rnernlat
237 3252 427 3303 traiectianern.
444 3280 477 3288 —
493 3249 579 3301 semul
598 3248 716 3301 Pareus:
729 3250 843 3316 iternan
856 3266 879 3302 o.
896 3255 929 3300 53
943 3255 968 3301 et
981 3249 1257 3304 o.681¹'leel·eisenus.

189 3346 230 3393 73.
255 3340 427 3392 constristant
450 3336 512 3390 ibus
539 3337 725 3404 Canterarius,
748 3339 780 3390 ‹le
803 3354 855 3404 quo
878 3340 933 3390 iam
953 3339 1071 3392 Bolliius
1095 3345 1162 3393 reete
1184 3341 1257 3393 ineli-

111 3421 188 3472 eurit
208 3425 270 3472 ante
289 3419 461 3486 Spenpelium
480 3419 517 3471 ori
538 3418 618 3471 Istic.
639 3418 659 3469 I
677 3420 705 3483 2,
724 3420 768 3470 et.
802 3417 844 3470 Ile
864 3416 903 3470 eis
923 3419 956 3483 ef.
977 3418 1142 3474 Ililselrelius
1159 3420 1255 3488 Opust.

112 3499 158 3551 ,ΙΙ
169 3516 200 3567 p.
220 3504 272 3552 413
292 3506 316 3552 et
336 3499 531 3552 Laebrnannus
549 3500 580 3551 in
599 3499 682 3550 Luer.
701 3514 728 3565 p.
748 3501 812 3551 262.

189 3592 231 3641 77.
255 3585 332 3640 illius
355 3586 402 3654 qui
427 3587 488 3640 exul
514 3586 553 3639 ibi
572 3587 695 3640 Guietus.
733 3586 781 3638 ills
804 3585 880 3654 ipsus
901 3588 964 3640 exul
983 3587 1029 3641 ubi
1049 3590 1167 3643 Botbius
1186 3591 1256 3643 olim.

112 3666 193 3719 illius
207 3667 271 3719 exul
286 3666 334 3734 qui
348 3667 388 3719 ibi
403 3683 463 3720 enne
477 3667 567 3720 eodem
577 3666 767 3719 Fleckeisenus
777 3667 962 3736 Inielrsiuspue
976 3670 1007 3721 in
1018 3668 1136 3723 Stnllem.
1148 3672 1226 3724 o'lierl.
1240 3673 1257 3722 I

109 3766 141 3816 p.
162 3751 196 3800 14
215 3750 260 3812 (ef.
279 3748 388 3815 deperi.
406 3765 433 3816 p.
453 3748 508 3812 39).
547 3746 593 3799 Aul
612 3746 690 3798 uiuus
712 3748 832 3813 (praeter
850 3763 886 3801 se.
907 3750 927 3800 I
944 3753 969 3801 3.
989 3752 1018 3814 4)
1037 3750 1071 3814 es.
1091 3767 1114 3803 o.
1136 3755 1196 3803 btrl.

189 3843 229 3891 79,
250 3834 309 3889 illio
332 3835 453 3889 Guietus.
492 3834 541 3888 ille
560 3838 604 3888 est
625 3835 755 3902 Pureus³,
774 3836 891 3889 Balbius
910 3837 985 3904 (olim
1003 3837 1088 3904 illie),
1107 3839 1257 3891 Muellerus

115 3917 257 3970 ‘Naelrlr'
274 3934 305 3983 p.
325 3920 373 3969 44.-
396 3922 425 3969 at
444 3917 477 3981 ef.
499 3915 712 3983 Karnpmannus
730 3917 831 3970 Armet.
854 3935 883 3985 p.
902 3922 938 3970 16
958 3917 1145 3985 Luelisiusque
1164 3919 1256 3971 Herm.

119 3997 403 4131 Vllssgl·All{{I-laeon
422 4075 556 4129 Aleiutus.
586 4074 718 4144 Nupalur
732 4076 867 4130 Bortlu'ns
882 4078 995 4130 Aura-s.
1011 4076 1088 4129 XVI
1106 4079 1142 4129 32
1155 4094 1181 4143 p.
1194 4081 1257 4129 855.

114 4156 158 4222 Μ
175 4157 348 4291 ἴῗθξωηεε
368 4238 442 4289 testo
462 4235 622 4289 Lambinus.
657 4237 691 4288 de
711 4238 785 4289 lecto
806 4253 901 4288 omues
922 4235 1045 4289 Guietus.
1079 4235 1121 4287 Ile
1141 4236 1179 4288 'lu
1193 4253 1257 4303 pro-

115 4319 274 4372 nuntiando
297 4318 453 4371 lueriolatur
476 4317 611 4384 Berplrius
632 4318 731 4383 Opuse.
753 4317 772 4367 l
792 4333 822 4383 p.
841 4320 902 4368 teo.
948 4315 988 4381 Of.
1008 4315 1173 4368 llitsebelius
1192 4315 1257 4370 Pro·

114 4401 164 4466 lep.
180 4415 211 4466 p.
232 4397 402 4462 CXXXII,
421 4398 571 4451 Muellerus
591 4397 667 4450 Pras.
684 4416 713 4465 p.
733 4401 788 4449 307
797 4413 850 4464 sqq.

186 4493 229 4541 88.
255 4485 392 4540 illustrius
417 4489 462 4555 (se.
486 4488 604 4555 tectum)
627 4489 667 4541 uel
693 4485 873 4538 illustriorem
903 4488 946 4551 (se.
974 4483 1081 4549 uillam)
1107 4484 1259 4538 Lambinus

113 4570 272 4638 obloquente
286 4567 410 4635 Ilipallio
425 4568 461 4621 ael
473 4568 629 4622 Onosanrlri
640 4569 754 4634 Stratep.
762 4585 791 4636 p.
803 4573 878 4636 ltrsq.
901 4563 1038 4617 illustrior
1051 4567 1097 4631 (=
1109 4564 1257 4634 illustrius)

115 4651 139 4703 is
159 4650 302 4703 llleursius
321 4648 420 4702 Eume.
440 4648 533 4701 erit]
547 4666 577 4715 p.
594 4652 656 4702 215).
696 4648 887 4715 illustriusque
909 4644 1031 4699 Guietus.
1071 4644 1191 4697 illustris.
1211 4664 1260 4698 orn

115 4731 299 4784 brauclensis
323 4728 453 4783 Mnemos.
475 4728 536 4780 III
560 4730 595 4794 (a.
616 4733 700 4795 ism)
721 4748 750 4796 p.
771 4733 813 4781 37.
857 4727 1045 4781 inlustriorem
1069 4727 1259 4793 reclinteprans

111 4813 226 4880 pessime
244 4809 326 4863 uerbo
346 4806 413 4876 quid
429 4849 434 4859 .
453 4851 458 4861 .
475 4850 480 4859 .
497 4849 502 4859 .
518 4808 628 4874 tegulas
644 4810 801 4874 parenthesi
819 4810 931 4862 inclusit
950 4808 1098 4875 Sepsl‘ertus
1117 4806 1194 4858 Stud.
1217 4805 1259 4855 Pl.

113 4910 143 4960 p.
163 4896 213 4944 ee:
237 4895 267 4943 at
290 4905 373 4956 neoris
396 4888 542 4954 difficilius
564 4894 588 4940 et
611 4889 726 4952 {bestius
750 4904 800 4941 nos
820 4889 863 4954 (ex
881 4906 904 4941 v.
924 4890 970 4955 84)
995 4892 1079 4942 mente
1096 4886 1258 4955 sreprplemus.
