2932 5452
160 356 246 411 LVlIl
613 352 820 407 PRAEFATIO

161 536 260 600 verba
283 557 364 618 qnae
388 534 522 598 suntin
546 533 802 598 Tusculanarum
825 532 1084 617 disputationum
1107 532 1135 617 I,
1156 533 1212 618 44,
1235 535 1309 599 107:

160 652 240 716 ‘non
262 650 416 735 intellego
440 650 517 734 quid
540 652 673 733 metuat,
696 671 769 714 cum
791 652 860 714 tam
882 649 987 714 bonos
1010 649 1215 733 septenarios
1238 650 1308 715 fon-

160 767 217 831 dat
239 766 279 831 ad
303 766 443 850 tibiam',
466 766 493 830 si
517 765 613 830 modo
638 787 717 830 sana
740 769 862 848 essent3
888 787 965 831 nam
988 764 1117 830 cumei
1140 765 1198 850 qui
1221 788 1311 852 prae

160 883 279 947 cedunt
301 904 411 947 versus
436 881 593 946 octonarii
626 880 733 965 potius
756 880 885 945 iambici
907 879 1049 946 habendi
1071 880 1141 945 sint
1162 883 1312 967 quamvis

160 998 369 1063 dissentiente
406 996 574 1081 Bentleio,
616 996 668 1061 vix
705 978 918 1061 dubitandum
954 995 1082 1061 videtur
1120 997 1204 1081 quin
1239 1020 1313 1064 vere

160 1115 333 1180 octonarios
356 1112 532 1177 Lambinus
555 1111 733 1177 restituerit
755 1135 814 1196 pro
838 1133 876 1176 eo
900 1111 987 1195 quod
1008 1114 1059 1177 est
1080 1115 1284 1195 sepmeries.

247 1227 378 1294 Novum
406 1231 456 1294 est
482 1249 561 1293 sane
588 1227 674 1312 quod
706 1227 861 1312 proposui
887 1248 948 1292 nec
975 1229 1088 1312 aperto
1121 1230 1315 1296 testimonio

159 1346 226 1410 ullo
250 1345 428 1427 firmatum,
458 1343 514 1408 sed
541 1343 574 1407 id
602 1342 636 1407 in
659 1343 719 1407 tali
740 1345 850 1407 tamen
874 1364 1005 1428 genere,
1027 1343 1062 1407 in
1085 1366 1152 1428 quo
1178 1347 1315 1412 omnino

161 1482 265 1545 pauca
288 1458 416 1544 prodita
439 1459 505 1523 sint.
527 1459 710 1543 memoriae,
732 1458 873 1543 plurima
894 1459 991 1525 hodie
1013 1459 1223 1545 ignorentur.
1246 1461 1316 1528 Nec

161 1578 293 1661 gravate
317 1574 517 1659 propositam
540 1575 759 1640 coniecturam
781 1575 913 1640 missam
935 1575 1068 1659 faciam,
1092 1575 1194 1641 simul
1217 1580 1316 1662 atque

161 1690 414 1776 probabiliorem
437 1690 472 1755 in
495 1690 635 1756 medium
658 1691 818 1775 prolatam
841 1690 960 1756 videro.
981 1688 1068 1755 Nam
1091 1713 1200 1757 unum
1224 1694 1314 1778 quid·

160 1807 248 1891 dam,
271 1806 356 1890 quod
385 1806 574 1871 adversatur
597 1828 684 1890 sane,
706 1806 740 1871 in
763 1810 856 1871 tanta
884 1809 1062 1871 ceterorum
1087 1809 1315 1893 exemplorum

160 1921 374 2007 congruentia
396 1944 463 1987 non
487 1923 582 1987 nimis
606 1945 727 1988 moror:
750 1921 812 1987 hoc
835 1921 917 2007 dico,
935 1922 1021 2006 quod
1044 1921 1145 1987 ctiam
1171 1946 1213 1988 ex
1235 1925 1314 1989 iam·

159 2037 239 2102 bicis
263 2037 387 2102 scaenis
410 2060 476 2102 una
499 2042 548 2102 est
571 2038 621 2103 cui
641 2037 680 2103 C·
705 2038 939 2123 praescriptum
962 2037 1013 2123 sir,
1035 2060 1120 2122 quae
1143 2043 1199 2105 cst
1221 2063 1313 2106 sena-

159 2153 215 2217 riis
243 2156 396 2218 constans
424 2157 515 2218 actus
543 2152 592 2219 IV
615 2156 740 2239 quarta.
763 2152 871 2239 Atque
899 2153 999 2218 habet
1020 2175 1059 2218 ea
1083 2176 1165 2219 sane
1190 2156 1311 2241 aliquid

160 2269 314 2334 concitati
341 2269 376 2333 in
403 2269 475 2354 ipso
502 2269 661 2355 principio
689 2291 749 2335 nec
777 2292 848 2335 eam
876 2292 972 2354 quam
1000 2272 1127 2334 ceterae
1151 2270 1312 2337 iambicus

162 2384 430 2468 tranquillitatem
459 2389 578 2451 servat:
611 2390 648 2451 ut
673 2386 768 2450 facile
792 2386 952 2470 suspicere
975 2384 1156 2450 rarioribus
1180 2388 1311 2471 quibus·

160 2501 234 2565 dam
262 2501 415 2585 exemplis
443 2505 572 2566 tenuem
600 2501 698 2565 tibiae
727 2504 895 2566 accentum
922 2500 1014 2565 illurn
1040 2501 1142 2565 etiam
1166 2503 1209 2567 ad
1232 2505 1310 2568 talia

159 2617 303 2682 diverbia
330 2616 532 2700 pertinuisse.
564 2616 637 2680 Nisi
665 2617 737 2700 quis
764 2617 848 2682 forte
880 2616 1043 2701 putaverit
1074 2639 1134 2700 per
1168 2640 1308 2684 errorem

159 2734 305 2817 librario,
333 2756 430 2816 quam
459 2734 569 2796 notam
598 2731 772 2797 identidem
801 2733 835 2797 in
863 2733 1026 2817 superiore
1055 2735 1151 2817 parte
1181 2735 1307 2800 fabulae

160 2849 349 2933 scripsisset,
372 2848 507 2913 eandem
529 2848 592 2912 hoc
615 2870 742 2932 qnoque
765 2849 836 2913 loco
861 2848 1056 2933 imprudenti
1079 2850 1248 2915 excidisse.

250 3079 399 3143 Ceterum
432 3081 517 3164 quod
550 3080 590 3144 ad
622 3081 725 3164 ipsam
759 3104 981 3145 scaenarum
1014 3080 1100 3144 inter
1132 3104 1168 3146 se
1196 3083 1305 3147 distin-

160 3196 361 3279 guendarurn
384 3197 678 3280 discriptionem
702 3196 828 3280 attinet,
851 3220 888 3261 ea
911 3220 961 3260 res
985 3197 1044 3261 etsi
1069 3218 1138 3261 non
1163 3202 1232 3262 tarn
1256 3222 1305 3262 ne-

159 3311 307 3374 cessitate
338 3335 434 3395 quam
463 3312 570 3395 aliqua
598 3312 733 3376 rationis
766 3312 993 3396 probabilitate
1024 3313 1167 3397 regitur,
1198 3319 1305 3378 tamen

160 3449 225 3490 una
253 3430 341 3490 certa
373 3429 425 3491 via
456 3427 670 3491 insistendum
702 3449 771 3491 esse
803 3428 1002 3514 intellegitur
1028 3449 1089 3492 nec
1121 3431 1305 3515 vagandum

158 3543 408 3608 inconstantius
432 3543 544 3626 ltaque
569 3565 623 3607 cas
646 3564 707 3628 ego
731 3544 873 3609 rationes
897 3547 1034 3626 sccrrtus,
1057 3566 1139 3627 quas
1164 3545 1306 3630 Opnscu·

157 3659 262 3722 lorum
294 3658 413 3723 volsII
445 3682 475 3742 p.
504 3658 569 3724 365
593 3682 660 3743 sqq.
693 3659 865 3743 explicavi,
897 3681 969 3723 cum
1002 3680 1122 3723 novam
1156 3683 1304 3726 scaenam

158 3777 271 3837 contra
298 3774 398 3838 libros
426 3796 484 3837 ms
512 3797 532 3837 a
559 3798 587 3838 v.
614 3776 698 3839 1176
726 3797 858 3840 exorsus
882 3797 966 3857 sum,
996 3773 1117 3859 quippe
1142 3776 1198 3840 ubi
1223 3800 1305 3841 nova

157 3911 296 3973 persona
319 3889 353 3952 in
377 3890 601 3974 proscaenium
624 3890 773 3974 prodeat,
795 3894 865 3955 tum
888 3890 1014 3954 duobus
1036 3890 1110 3954 aliis
1133 3893 1231 3976 iouia,
1254 3894 1305 3957 ubi

156 4027 241 4069 nova
261 4027 328 4068 non
346 4006 463 4089 prodit,
482 4006 536 4069 sed
557 4029 594 4068 ex
614 4006 659 4069 eis
678 4028 759 4089 (prae
783 4007 906 4089 pridem
930 4005 1067 4069 aderant
1089 4028 1158 4070 una
1181 4012 1306 4072 restans

157 4141 265 4182 secum
298 4120 366 4183 sola
399 4122 559 4204 loquitur,
592 4122 725 4185 eandem
764 4144 913 4186 scaenam
946 4120 1146 4185 continuavi.
1183 4122 1304 4187 Eorum

157 4233 299 4296 locorum
328 4236 443 4318 altero,
472 4237 526 4319 qui
551 4240 600 4300 est
624 4259 651 4299 v.
675 4237 754 4320 998,
782 4237 840 4300 etsi
866 4236 983 4300 senarii
1008 4240 1085 4300 sunt
1109 4261 1193 4321 qrros
1219 4229 1305 4303 solus

158 4348 191 4412 in
209 4351 398 4432 proscaenio
418 4356 543 4417 restans
558 4351 746 4417 Charmides
766 4352 937 4418 trochaicis
957 4353 1165 4418 sermonibus
1181 4356 1306 4437 subicit,
