<?xml version="1.0" encoding="UTF-8"?>
<!DOCTYPE html PUBLIC "-//W3C//DTD XHTML 1.0 Transitional//EN"
    "http://www.w3.org/TR/xhtml1/DTD/xhtml1-transitional.dtd">
<html xmlns="http://www.w3.org/1999/xhtml" xml:lang="en" lang="en">
 <head>
  <title>
</title>
<meta http-equiv="Content-Type" content="text/html;charset=utf-8" />
  <meta name='ocr-system' content='tesseract 3.04.00' />
  <meta name='ocr-capabilities' content='ocr_page ocr_carea ocr_par ocr_line ocrx_word'/>
</head>
<body>
  <div class='ocr_page' id='page_1' title='image "./tmacciplauticom02schgoog_0618.png"; bbox 0 0 2932 5452; ppageno 0'>
   <div class='ocr_carea' id='block_1_1' title="bbox 576 121 1245 179">
    <p class='ocr_par' dir='ltr' id='par_1_1' title="bbox 576 121 1245 179">
     <span class='ocr_line' id='line_1_1' title="bbox 576 121 1245 179; baseline 0.013 -9"><span class='ocrx_word' id='word_1_1' title='bbox 576 121 777 172; x_wconf 65' lang='lat' dir='ltr'><strong>l&#39;lctljllll&#39;lu</strong></span> <span class='ocrx_word' id='word_1_2' title='bbox 1148 128 1245 179; x_wconf 66' lang='lat' dir='ltr'><strong>litu</strong></span> 
     </span>
    </p>
   </div>
   <div class='ocr_carea' id='block_1_2' title="bbox 65 293 1252 3052">
    <p class='ocr_par' dir='ltr' id='par_1_2' title="bbox 101 293 1250 618">
     <span class='ocr_line' id='line_1_2' title="bbox 102 293 1250 385; baseline 0.012 -29"><span class='ocrx_word' id='word_1_3' title='bbox 102 293 187 357; x_wconf 79' lang='lat' dir='ltr'><strong>duxi.</strong></span> <span class='ocrx_word' id='word_1_4' title='bbox 222 296 334 379; x_wconf 85' lang='lat' dir='ltr'><strong>‘Apud</strong></span> <span class='ocrx_word' id='word_1_5' title='bbox 368 296 526 363; x_wconf 79' lang='lat' dir='ltr'>Lucilium</span> <span class='ocrx_word' id='word_1_6' title='bbox 559 299 667 385; x_wconf 86' lang='lat' dir='ltr'>XXX,</span> <span class='ocrx_word' id='word_1_7' title='bbox 698 302 741 364; x_wconf 80' lang='lat' dir='ltr'><strong>th</strong></span> <span class='ocrx_word' id='word_1_8' title='bbox 769 303 805 365; x_wconf 76' lang='lat' dir='ltr'><strong>G.</strong></span> <span class='ocrx_word' id='word_1_9' title='bbox 838 303 917 366; x_wconf 87' lang='lat' dir='ltr'><strong>haec</strong></span> <span class='ocrx_word' id='word_1_10' title='bbox 949 302 1049 367; x_wconf 85' lang='lat' dir='ltr'><strong>habes</strong></span> <span class='ocrx_word' id='word_1_11' title='bbox 1087 329 1106 368; x_wconf 87' lang='lat' dir='ltr'><strong>a</strong></span> <span class='ocrx_word' id='word_1_12' title='bbox 1142 305 1250 371; x_wconf 89' lang='lat' dir='ltr'><strong>Nonio</strong></span> 
     </span>
     <span class='ocr_line' id='line_1_3' title="bbox 101 409 440 496; baseline 0.012 -23"><span class='ocrx_word' id='word_1_13' title='bbox 101 409 284 496; x_wconf 85' lang='lat' dir='ltr'><strong>prodita-p.</strong></span> <span class='ocrx_word' id='word_1_14' title='bbox 308 412 360 495; x_wconf 84' lang='lat'><strong>35,</strong></span> <span class='ocrx_word' id='word_1_15' title='bbox 385 413 440 477; x_wconf 88' lang='lat'><strong>10:</strong></span> 
     </span>
     <span class='ocr_line' id='line_1_4' title="bbox 238 526 1118 618; baseline 0.008 -27"><span class='ocrx_word' id='word_1_16' title='bbox 238 526 407 612; x_wconf 86' lang='lat' dir='ltr'><strong>Insperato</strong></span> <span class='ocrx_word' id='word_1_17' title='bbox 427 529 515 614; x_wconf 75' lang='lat' dir='ltr'><strong>abiit,</strong></span> <span class='ocrx_word' id='word_1_18' title='bbox 534 552 629 615; x_wconf 89' lang='lat' dir='ltr'><strong>quem</strong></span> <span class='ocrx_word' id='word_1_19' title='bbox 647 554 713 596; x_wconf 90' lang='lat' dir='ltr'><strong>una</strong></span> <span class='ocrx_word' id='word_1_20' title='bbox 731 533 853 618; x_wconf 82' lang='lat' dir='ltr'><strong>angina</strong></span> <span class='ocrx_word' id='word_1_21' title='bbox 871 535 1002 598; x_wconf 79' lang='lat' dir='ltr'><strong>sustulit</strong></span> <span class='ocrx_word' id='word_1_22' title='bbox 1024 535 1118 600; x_wconf 89' lang='lat' dir='ltr'><strong>hora:</strong></span> 
     </span>
    </p>

    <p class='ocr_par' dir='ltr' id='par_1_3' title="bbox 100 637 1252 968">
     <span class='ocr_line' id='line_1_5' title="bbox 102 637 1252 735; baseline 0.01 -29"><span class='ocrx_word' id='word_1_23' title='bbox 102 641 149 706; x_wconf 87' lang='lat' dir='ltr'><strong>sic</strong></span> <span class='ocrx_word' id='word_1_24' title='bbox 167 643 255 707; x_wconf 91' lang='lat' dir='ltr'><strong>enim</strong></span> <span class='ocrx_word' id='word_1_25' title='bbox 272 643 375 708; x_wconf 83' lang='lat' dir='ltr'><strong>estin</strong></span> <span class='ocrx_word' id='word_1_26' title='bbox 393 644 497 730; x_wconf 81' lang='lat' dir='ltr'><strong>libris,</strong></span> <span class='ocrx_word' id='word_1_27' title='bbox 516 668 584 711; x_wconf 92' lang='lat' dir='ltr'><strong>non</strong></span> <span class='ocrx_word' id='word_1_28' title='bbox 603 637 688 731; x_wconf 83' lang='lat' dir='ltr'><strong>quod</strong></span> <span class='ocrx_word' id='word_1_29' title='bbox 707 649 859 734; x_wconf 80' lang='lat' dir='ltr'><strong>vulgatur</strong></span> <span class='ocrx_word' id='word_1_30' title='bbox 876 649 1011 715; x_wconf 79' lang='lat' dir='ltr'><strong>abstulit.</strong></span> <span class='ocrx_word' id='word_1_31' title='bbox 1030 650 1115 717; x_wconf 92' lang='lat' dir='ltr'><strong>Illud</strong></span> <span class='ocrx_word' id='word_1_32' title='bbox 1133 655 1252 735; x_wconf 61' lang='lat' dir='ltr'><strong>ciuica</strong></span> 
     </span>
     <span class='ocr_line' id='line_1_6' title="bbox 101 757 1252 849; baseline 0.009 -27"><span class='ocrx_word' id='word_1_33' title='bbox 101 757 297 823; x_wconf 79' lang='lat' dir='ltr'><strong>vocabulum</strong></span> <span class='ocrx_word' id='word_1_34' title='bbox 311 764 498 826; x_wconf 75' lang='lat' dir='ltr'><strong>constanter</strong></span> <span class='ocrx_word' id='word_1_35' title='bbox 512 762 598 828; x_wconf 90' lang='lat' dir='ltr'><strong>docti</strong></span> <span class='ocrx_word' id='word_1_36' title='bbox 612 763 654 828; x_wconf 88' lang='lat' dir='ltr'><strong>ab</strong></span> <span class='ocrx_word' id='word_1_37' title='bbox 668 764 818 849; x_wconf 85' lang='lat' dir='ltr'><strong>augendo</strong></span> <span class='ocrx_word' id='word_1_38' title='bbox 829 764 1050 831; x_wconf 88' lang='lat' dir='ltr'><strong>deducendum</strong></span> <span class='ocrx_word' id='word_1_39' title='bbox 1065 769 1098 830; x_wconf 91' lang='lat' dir='ltr'><strong>et</strong></span> <span class='ocrx_word' id='word_1_40' title='bbox 1111 769 1252 833; x_wconf 90' lang='lat' dir='ltr'><strong>secunda</strong></span> 
     </span>
     <span class='ocr_line' id='line_1_7' title="bbox 100 873 1250 968; baseline 0.009 -30"><span class='ocrx_word' id='word_1_41' title='bbox 100 873 262 959; x_wconf 86' lang='lat' dir='ltr'><strong>producta</strong></span> <span class='ocrx_word' id='word_1_42' title='bbox 284 875 480 941; x_wconf 84' lang='lat' dir='ltr'><strong>afferendum</strong></span> <span class='ocrx_word' id='word_1_43' title='bbox 503 883 661 963; x_wconf 86' lang='lat' dir='ltr'><strong>asserunt,</strong></span> <span class='ocrx_word' id='word_1_44' title='bbox 678 879 734 943; x_wconf 91' lang='lat' dir='ltr'><strong>sed</strong></span> <span class='ocrx_word' id='word_1_45' title='bbox 756 879 890 945; x_wconf 88' lang='lat' dir='ltr'><strong>frustra:</strong></span> <span class='ocrx_word' id='word_1_46' title='bbox 913 902 991 945; x_wconf 88' lang='lat' dir='ltr'><strong>nam</strong></span> <span class='ocrx_word' id='word_1_47' title='bbox 1014 904 1096 966; x_wconf 89' lang='lat' dir='ltr'><strong>quae</strong></span> <span class='ocrx_word' id='word_1_48' title='bbox 1118 884 1153 947; x_wconf 90' lang='lat' dir='ltr'><strong>in</strong></span> <span class='ocrx_word' id='word_1_49' title='bbox 1176 903 1250 968; x_wconf 88' lang='lat' dir='ltr'><strong>poe-</strong></span> 
     </span>
    </p>

    <p class='ocr_par' dir='ltr' id='par_1_4' title="bbox 101 990 1250 1083">
     <span class='ocr_line' id='line_1_8' title="bbox 101 990 1250 1083; baseline 0.006 -27"><span class='ocrx_word' id='word_1_50' title='bbox 101 994 213 1056; x_wconf 81' lang='lat' dir='ltr'><strong>tarum</strong></span> <span class='ocrx_word' id='word_1_51' title='bbox 234 990 325 1055; x_wconf 84' lang='lat' dir='ltr'><strong>libris</strong></span> <span class='ocrx_word' id='word_1_52' title='bbox 343 995 473 1057; x_wconf 83' lang='lat' dir='ltr'><strong>exstant</strong></span> <span class='ocrx_word' id='word_1_53' title='bbox 490 995 645 1080; x_wconf 81' lang='lat' dir='ltr'><strong>exempla,</strong></span> <span class='ocrx_word' id='word_1_54' title='bbox 668 1017 740 1060; x_wconf 90' lang='lat' dir='ltr'><strong>eam</strong></span> <span class='ocrx_word' id='word_1_55' title='bbox 762 995 900 1060; x_wconf 80' lang='lat' dir='ltr'><strong>breviari</strong></span> <span class='ocrx_word' id='word_1_56' title='bbox 922 996 1063 1062; x_wconf 84' lang='lat' dir='ltr'><strong>firmant</strong></span> <span class='ocrx_word' id='word_1_57' title='bbox 1085 997 1138 1062; x_wconf 93' lang='lat' dir='ltr'><strong>Ita</strong></span> <span class='ocrx_word' id='word_1_58' title='bbox 1160 990 1250 1083; x_wconf 82' lang='lat' dir='ltr'><strong>piae·</strong></span> 
     </span>
    </p>

    <p class='ocr_par' dir='ltr' id='par_1_5' title="bbox 101 1107 1250 1198">
     <span class='ocr_line' id='line_1_9' title="bbox 101 1107 1250 1198; baseline 0.004 -24"><span class='ocrx_word' id='word_1_59' title='bbox 101 1112 155 1174; x_wconf 88' lang='lat' dir='ltr'><strong>ter</strong></span> <span class='ocrx_word' id='word_1_60' title='bbox 179 1107 341 1174; x_wconf 82' lang='lat' dir='ltr'><strong>Lucilium</strong></span> <span class='ocrx_word' id='word_1_61' title='bbox 368 1108 455 1193; x_wconf 90' lang='lat' dir='ltr'><strong>apud</strong></span> <span class='ocrx_word' id='word_1_62' title='bbox 478 1107 635 1176; x_wconf 81' lang='lat' dir='ltr'><strong>Serenum</strong></span> <span class='ocrx_word' id='word_1_63' title='bbox 662 1109 902 1177; x_wconf 85' lang='lat' dir='ltr'><strong>Sammonicum</strong></span> <span class='ocrx_word' id='word_1_64' title='bbox 930 1135 958 1176; x_wconf 89' lang='lat' dir='ltr'><strong>v.</strong></span> <span class='ocrx_word' id='word_1_65' title='bbox 982 1114 1048 1178; x_wconf 94' lang='grc'><strong>282</strong></span> <span class='ocrx_word' id='word_1_66' title='bbox 1069 1113 1104 1178; x_wconf 91' lang='lat' dir='ltr'><strong>in</strong></span> <span class='ocrx_word' id='word_1_67' title='bbox 1128 1114 1250 1198; x_wconf 92' lang='lat' dir='ltr'><strong>optimo</strong></span> 
     </span>
    </p>

    <p class='ocr_par' dir='ltr' id='par_1_6' title="bbox 102 1223 760 1310">
     <span class='ocr_line' id='line_1_10' title="bbox 102 1223 760 1310; baseline 0.005 -21"><span class='ocrx_word' id='word_1_68' title='bbox 102 1246 235 1310; x_wconf 90' lang='lat' dir='ltr'><strong>quoque</strong></span> <span class='ocrx_word' id='word_1_69' title='bbox 257 1223 340 1290; x_wconf 91' lang='lat' dir='ltr'><strong>libro</strong></span> <span class='ocrx_word' id='word_1_70' title='bbox 363 1244 433 1290; x_wconf 87' lang='lat' dir='ltr'><strong>esse</strong></span> <span class='ocrx_word' id='word_1_71' title='bbox 455 1225 611 1290; x_wconf 86' lang='lat' dir='ltr'><strong>traditum</strong></span> <span class='ocrx_word' id='word_1_72' title='bbox 633 1226 760 1292; x_wconf 80' lang='lat' dir='ltr'><strong>videtur</strong></span> 
     </span>
    </p>

    <p class='ocr_par' dir='ltr' id='par_1_7' title="bbox 65 1338 1252 2912">
     <span class='ocr_line' id='line_1_11' title="bbox 239 1338 1091 1426; baseline 0.004 -22"><span class='ocrx_word' id='word_1_73' title='bbox 239 1338 372 1426; x_wconf 80' lang='lat' dir='ltr'><strong>Angina</strong></span> <span class='ocrx_word' id='word_1_74' title='bbox 395 1362 472 1406; x_wconf 90' lang='lat' dir='ltr'><strong>uero</strong></span> <span class='ocrx_word' id='word_1_75' title='bbox 495 1341 556 1406; x_wconf 87' lang='lat' dir='ltr'><strong>sibi</strong></span> <span class='ocrx_word' id='word_1_76' title='bbox 579 1342 715 1406; x_wconf 87' lang='lat' dir='ltr'><strong>mixtum</strong></span> <span class='ocrx_word' id='word_1_77' title='bbox 738 1342 804 1408; x_wconf 86' lang='lat' dir='ltr'><strong>sale</strong></span> <span class='ocrx_word' id='word_1_78' title='bbox 827 1342 933 1426; x_wconf 91' lang='lat' dir='ltr'><strong>poscit</strong></span> <span class='ocrx_word' id='word_1_79' title='bbox 956 1344 1027 1407; x_wconf 89' lang='lat' dir='ltr'><strong>acet</strong></span> <span class='ocrx_word' id='word_1_80' title='bbox 1084 1393 1091 1407; x_wconf 91' lang='lat'>.</span> 
     </span>
     <span class='ocr_line' id='line_1_12' title="bbox 97 1455 1155 1542; baseline -0.001 -18"><span class='ocrx_word' id='word_1_81' title='bbox 97 1457 189 1524; x_wconf 83' lang='lat' dir='ltr'><strong>Item</strong></span> <span class='ocrx_word' id='word_1_82' title='bbox 213 1455 384 1522; x_wconf 84' lang='lat' dir='ltr'><strong>Plautinae</strong></span> <span class='ocrx_word' id='word_1_83' title='bbox 408 1455 589 1521; x_wconf 81' lang='lat' dir='ltr'><strong>Trinummi</strong></span> <span class='ocrx_word' id='word_1_84' title='bbox 612 1480 641 1521; x_wconf 89' lang='lat' dir='ltr'><strong>v.</strong></span> <span class='ocrx_word' id='word_1_85' title='bbox 665 1457 731 1522; x_wconf 84' lang='lat'><strong>540</strong></span> <span class='ocrx_word' id='word_1_86' title='bbox 754 1457 781 1521; x_wconf 89' lang='lat' dir='ltr'><strong>si</strong></span> <span class='ocrx_word' id='word_1_87' title='bbox 804 1460 911 1522; x_wconf 86' lang='lat' dir='ltr'><strong>tecum</strong></span> <span class='ocrx_word' id='word_1_88' title='bbox 933 1457 1155 1542; x_wconf 87' lang='lat' dir='ltr'><strong>scripserimus</strong></span> 
     </span>
     <span class='ocr_line' id='line_1_13' title="bbox 319 1569 1195 1667; baseline 0.001 -31"><span class='ocrx_word' id='word_1_89' title='bbox 319 1569 398 1636; x_wconf 86' lang='lat' dir='ltr'><strong>Sues</strong></span> <span class='ocrx_word' id='word_1_90' title='bbox 421 1572 602 1637; x_wconf 86' lang='lat' dir='ltr'><strong>moriuntur</strong></span> <span class='ocrx_word' id='word_1_91' title='bbox 625 1573 767 1658; x_wconf 83' lang='lat' dir='ltr'><strong>anginad</strong></span> <span class='ocrx_word' id='word_1_92' title='bbox 791 1595 963 1657; x_wconf 87' lang='lat' dir='ltr'><strong>acerrume,</strong></span> <span class='ocrx_word' id='word_1_93' title='bbox 1192 1660 1195 1667; x_wconf 33' lang='grc' dir='ltr'>Ι</span> 
     </span>
     <span class='ocr_line' id='line_1_14' title="bbox 97 1669 1252 1773; baseline -0.002 -17"><span class='ocrx_word' id='word_1_94' title='bbox 97 1694 140 1756; x_wconf 93' lang='lat' dir='ltr'><strong>ut</strong></span> <span class='ocrx_word' id='word_1_95' title='bbox 172 1687 328 1753; x_wconf 89' lang='lat' dir='ltr'><strong>creticum</strong></span> <span class='ocrx_word' id='word_1_96' title='bbox 359 1687 468 1771; x_wconf 74' lang='lat' dir='ltr'><strong>potius</strong></span> <span class='ocrx_word' id='word_1_97' title='bbox 500 1669 680 1753; x_wconf 74' lang='lat' dir='ltr'><strong>statuamus</strong></span> <span class='ocrx_word' id='word_1_98' title='bbox 710 1711 806 1773; x_wconf 91' lang='lat' dir='ltr'><strong>quam</strong></span> <span class='ocrx_word' id='word_1_99' title='bbox 836 1690 1029 1773; x_wconf 86' lang='lat' dir='ltr'><strong>molossum,</strong></span> <span class='ocrx_word' id='word_1_100' title='bbox 1057 1690 1252 1755; x_wconf 81' lang='lat' dir='ltr'><strong>reconditior</strong></span> 
     </span>
     <span class='ocr_line' id='line_1_15' title="bbox 93 1801 1251 1887; baseline -0.003 -15"><span class='ocrx_word' id='word_1_101' title='bbox 93 1804 220 1872; x_wconf 80' lang='lat' dir='ltr'><strong>suadet</strong></span> <span class='ocrx_word' id='word_1_102' title='bbox 253 1802 336 1867; x_wconf 88' lang='lat' dir='ltr'><strong>ratio</strong></span> <span class='ocrx_word' id='word_1_103' title='bbox 369 1801 537 1887; x_wconf 80' lang='lat' dir='ltr'><strong>rythmico.</strong></span> <span class='ocrx_word' id='word_1_104' title='bbox 569 1802 639 1868; x_wconf 89' lang='lat' dir='ltr'><strong>Nec</strong></span> <span class='ocrx_word' id='word_1_105' title='bbox 666 1804 759 1868; x_wconf 89' lang='lat' dir='ltr'><strong>aliter</strong></span> <span class='ocrx_word' id='word_1_106' title='bbox 786 1804 990 1869; x_wconf 89' lang='lat' dir='ltr'><strong>sentiendum</strong></span> <span class='ocrx_word' id='word_1_107' title='bbox 1022 1807 1071 1868; x_wconf 91' lang='lat' dir='ltr'><strong>est</strong></span> <span class='ocrx_word' id='word_1_108' title='bbox 1098 1805 1137 1868; x_wconf 89' lang='lat' dir='ltr'><strong>de</strong></span> <span class='ocrx_word' id='word_1_109' title='bbox 1165 1806 1251 1870; x_wconf 86' lang='lat' dir='ltr'><strong>exitu</strong></span> 
     </span>
     <span class='ocr_line' id='line_1_16' title="bbox 90 1919 1250 2003; baseline -0.003 -16"><span class='ocrx_word' id='word_1_110' title='bbox 90 1919 236 1987; x_wconf 77' lang='lat' dir='ltr'><strong>iambici</strong></span> <span class='ocrx_word' id='word_1_111' title='bbox 263 1919 381 1983; x_wconf 87' lang='lat' dir='ltr'><strong>senarii</strong></span> <span class='ocrx_word' id='word_1_112' title='bbox 409 1919 476 1983; x_wconf 85' lang='lat' dir='ltr'><strong>sive</strong></span> <span class='ocrx_word' id='word_1_113' title='bbox 503 1920 676 2003; x_wconf 79' lang='lat' dir='ltr'><strong>septenarii</strong></span> <span class='ocrx_word' id='word_1_114' title='bbox 704 1920 860 1985; x_wconf 90' lang='lat' dir='ltr'><strong>trochaici</strong></span> <span class='ocrx_word' id='word_1_115' title='bbox 887 1920 1109 1985; x_wconf 81' lang='lat' dir='ltr'><strong>nesciocuius</strong></span> <span class='ocrx_word' id='word_1_116' title='bbox 1137 1920 1250 1986; x_wconf 91' lang='lat' dir='ltr'><strong>comici</strong></span> 
     </span>
     <span class='ocr_line' id='line_1_17' title="bbox 89 2033 903 2124; baseline -0.006 -21"><span class='ocrx_word' id='word_1_117' title='bbox 89 2039 232 2124; x_wconf 74' lang='lat' dir='ltr'><strong>poetae,</strong></span> <span class='ocrx_word' id='word_1_118' title='bbox 253 2034 309 2119; x_wconf 93' lang='lat' dir='ltr'><strong>qui</strong></span> <span class='ocrx_word' id='word_1_119' title='bbox 329 2034 448 2119; x_wconf 81' lang='lat' dir='ltr'><strong>legitur</strong></span> <span class='ocrx_word' id='word_1_120' title='bbox 471 2033 558 2119; x_wconf 87' lang='lat' dir='ltr'><strong>apud</strong></span> <span class='ocrx_word' id='word_1_121' title='bbox 580 2033 717 2099; x_wconf 89' lang='lat' dir='ltr'><strong>Paulum</strong></span> <span class='ocrx_word' id='word_1_122' title='bbox 740 2059 770 2119; x_wconf 90' lang='lat' dir='ltr'><strong>p.</strong></span> <span class='ocrx_word' id='word_1_123' title='bbox 793 2036 846 2117; x_wconf 92' lang='grc'><strong>28,</strong></span> <span class='ocrx_word' id='word_1_124' title='bbox 870 2036 903 2098; x_wconf 77' lang='lat'><strong>7:</strong></span> 
     </span>
     <span class='ocr_line' id='line_1_18' title="bbox 363 2149 975 2234; baseline -0.002 -20"><span class='ocrx_word' id='word_1_125' title='bbox 363 2198 583 2214; x_wconf 88' lang='lat'><strong>.....</strong></span> <span class='ocrx_word' id='word_1_126' title='bbox 629 2151 784 2234; x_wconf 84' lang='lat' dir='ltr'><strong>anginam</strong></span> <span class='ocrx_word' id='word_1_127' title='bbox 806 2149 975 2215; x_wconf 89' lang='lat' dir='ltr'><strong>uinariam.</strong></span> 
     </span>
     <span class='ocr_line' id='line_1_19' title="bbox 87 2265 1250 2349; baseline -0.005 -12"><span class='ocrx_word' id='word_1_128' title='bbox 87 2269 179 2336; x_wconf 75' lang='lat' dir='ltr'><strong>Alia</strong></span> <span class='ocrx_word' id='word_1_129' title='bbox 197 2270 309 2332; x_wconf 88' lang='lat' dir='ltr'><strong>autem</strong></span> <span class='ocrx_word' id='word_1_130' title='bbox 327 2265 473 2348; x_wconf 85' lang='lat' dir='ltr'><strong>exempla</strong></span> <span class='ocrx_word' id='word_1_131' title='bbox 491 2265 624 2329; x_wconf 90' lang='lat' dir='ltr'><strong>metrica</strong></span> <span class='ocrx_word' id='word_1_132' title='bbox 642 2269 766 2330; x_wconf 77' lang='lat' dir='ltr'><strong>exstare</strong></span> <span class='ocrx_word' id='word_1_133' title='bbox 785 2287 852 2330; x_wconf 92' lang='lat' dir='ltr'><strong>non</strong></span> <span class='ocrx_word' id='word_1_134' title='bbox 871 2265 1014 2329; x_wconf 90' lang='lat' dir='ltr'><strong>memini:</strong></span> <span class='ocrx_word' id='word_1_135' title='bbox 1037 2287 1141 2349; x_wconf 92' lang='lat' dir='ltr'><strong>neque</strong></span> <span class='ocrx_word' id='word_1_136' title='bbox 1164 2267 1250 2331; x_wconf 89' lang='lat' dir='ltr'><strong>enim</strong></span> 
     </span>
     <span class='ocr_line' id='line_1_20' title="bbox 84 2379 1250 2472; baseline -0.006 -21"><span class='ocrx_word' id='word_1_137' title='bbox 84 2384 280 2472; x_wconf 82' lang='lat' dir='ltr'><strong>quidquam</strong></span> <span class='ocrx_word' id='word_1_138' title='bbox 303 2380 442 2445; x_wconf 85' lang='lat' dir='ltr'><strong>efficitur</strong></span> <span class='ocrx_word' id='word_1_139' title='bbox 455 2379 674 2446; x_wconf 89' lang='lat' dir='ltr'><strong>Mostellariae</strong></span> <span class='ocrx_word' id='word_1_140' title='bbox 692 2403 785 2446; x_wconf 91' lang='lat' dir='ltr'><strong>versu</strong></span> <span class='ocrx_word' id='word_1_141' title='bbox 805 2382 880 2445; x_wconf 90' lang='grc'><strong>218.</strong></span> <span class='ocrx_word' id='word_1_142' title='bbox 894 2380 999 2456; x_wconf 84' lang='lat' dir='ltr'><strong>Quare</strong></span> <span class='ocrx_word' id='word_1_143' title='bbox 1017 2384 1103 2445; x_wconf 91' lang='lat' dir='ltr'><strong>recte</strong></span> <span class='ocrx_word' id='word_1_144' title='bbox 1117 2379 1250 2445; x_wconf 87' lang='lat' dir='ltr'><strong>Festum</strong></span> 
     </span>
     <span class='ocr_line' id='line_1_21' title="bbox 84 2493 1249 2589; baseline -0.006 -23"><span class='ocrx_word' id='word_1_145' title='bbox 84 2500 146 2589; x_wconf 89' lang='lat' dir='ltr'><strong>(p.</strong></span> <span class='ocrx_word' id='word_1_146' title='bbox 171 2501 208 2584; x_wconf 83' lang='lat'><strong>8,</strong></span> <span class='ocrx_word' id='word_1_147' title='bbox 231 2499 253 2563; x_wconf 89' lang='lat'><strong>3</strong></span> <span class='ocrx_word' id='word_1_148' title='bbox 276 2497 452 2581; x_wconf 80' lang='lat' dir='ltr'><strong>epitomae,</strong></span> <span class='ocrx_word' id='word_1_149' title='bbox 475 2518 669 2581; x_wconf 87' lang='lat' dir='ltr'><strong>quamquam</strong></span> <span class='ocrx_word' id='word_1_150' title='bbox 692 2518 760 2562; x_wconf 93' lang='lat' dir='ltr'><strong>non</strong></span> <span class='ocrx_word' id='word_1_151' title='bbox 783 2496 862 2561; x_wconf 83' lang='lat' dir='ltr'><strong>satis</strong></span> <span class='ocrx_word' id='word_1_152' title='bbox 884 2500 973 2560; x_wconf 88' lang='lat' dir='ltr'><strong>certa</strong></span> <span class='ocrx_word' id='word_1_153' title='bbox 995 2493 1169 2581; x_wconf 87' lang='lat' dir='ltr'><strong>scriptura)</strong></span> <span class='ocrx_word' id='word_1_154' title='bbox 1191 2517 1249 2560; x_wconf 65' lang='lat' dir='ltr'><strong>aaa</strong></span> 
     </span>
     <span class='ocr_line' id='line_1_22' title="bbox 65 2608 1250 2700; baseline -0.006 -18"><span class='ocrx_word' id='word_1_155' title='bbox 65 2620 211 2700; x_wconf 64' lang='lat' dir='ltr'><strong>,qinom</strong></span> <span class='ocrx_word' id='word_1_156' title='bbox 232 2616 376 2698; x_wconf 88' lang='lat' dir='ltr'><strong>repetere</strong></span> <span class='ocrx_word' id='word_1_157' title='bbox 400 2634 420 2676; x_wconf 88' lang='lat' dir='ltr'><strong>a</strong></span> <span class='ocrx_word' id='word_1_158' title='bbox 442 2633 559 2697; x_wconf 78' lang='lat' dir='ltr'><strong>gracco</strong></span> <span class='ocrx_word' id='word_1_159' title='bbox 579 2608 701 2692; x_wconf 82' lang='grc' dir='ltr'>ἀγχόνη</span> <span class='ocrx_word' id='word_1_160' title='bbox 722 2613 878 2697; x_wconf 86' lang='lat' dir='ltr'><strong>existimo,</strong></span> <span class='ocrx_word' id='word_1_161' title='bbox 892 2616 929 2677; x_wconf 93' lang='lat' dir='ltr'><strong>ut</strong></span> <span class='ocrx_word' id='word_1_162' title='bbox 951 2611 1129 2695; x_wconf 86' lang='lat' dir='ltr'><strong>antiquitus</strong></span> <span class='ocrx_word' id='word_1_163' title='bbox 1152 2611 1250 2677; x_wconf 86' lang='lat' dir='ltr'><strong>fuerit</strong></span> 
     </span>
     <span class='ocr_line' id='line_1_23' title="bbox 72 2728 827 2814; baseline -0.009 -15"><span class='ocrx_word' id='word_1_164' title='bbox 72 2736 228 2814; x_wconf 66' lang='lat' dir='ltr'><strong>anctae,</strong></span> <span class='ocrx_word' id='word_1_165' title='bbox 251 2728 336 2795; x_wconf 93' lang='lat' dir='ltr'><strong>unde</strong></span> <span class='ocrx_word' id='word_1_166' title='bbox 358 2728 484 2793; x_wconf 90' lang='lat' dir='ltr'><strong>mollita</strong></span> <span class='ocrx_word' id='word_1_167' title='bbox 505 2749 522 2793; x_wconf 88' lang='lat' dir='ltr'><strong>c</strong></span> <span class='ocrx_word' id='word_1_168' title='bbox 543 2728 666 2792; x_wconf 84' lang='lat' dir='ltr'><strong>sactum</strong></span> <span class='ocrx_word' id='word_1_169' title='bbox 688 2731 827 2810; x_wconf 65' lang='lat' dir='ltr'><strong>captata?</strong></span> 
     </span>
     <span class='ocr_line' id='line_1_24' title="bbox 190 2842 1249 2912; baseline -0.004 -1"><span class='ocrx_word' id='word_1_170' title='bbox 190 2845 318 2912; x_wconf 79' lang='lat' dir='ltr'><strong>Eodem</strong></span> <span class='ocrx_word' id='word_1_171' title='bbox 349 2866 443 2909; x_wconf 83' lang='lat' dir='ltr'><strong>versu</strong></span> <span class='ocrx_word' id='word_1_172' title='bbox 475 2866 547 2908; x_wconf 84' lang='lat' dir='ltr'><strong>sero</strong></span> <span class='ocrx_word' id='word_1_173' title='bbox 584 2842 676 2907; x_wconf 85' lang='lat' dir='ltr'><strong>video</strong></span> <span class='ocrx_word' id='word_1_174' title='bbox 713 2865 869 2909; x_wconf 71' lang='lat' dir='ltr'><strong>acerrime</strong></span> <span class='ocrx_word' id='word_1_175' title='bbox 904 2845 984 2908; x_wconf 67' lang='lat' dir='ltr'><strong>litori</strong></span> <span class='ocrx_word' id='word_1_176' title='bbox 1016 2842 1249 2908; x_wconf 87' lang='lat' dir='ltr'><strong>Buechelarum</strong></span> 
     </span>
    </p>

    <p class='ocr_par' dir='ltr' id='par_1_8' title="bbox 69 2959 664 3052">
     <span class='ocr_line' id='line_1_25' title="bbox 69 2959 664 3052; baseline -0.015 -21"><span class='ocrx_word' id='word_1_177' title='bbox 69 2983 231 3052; x_wconf 81' lang='lat' dir='ltr'><strong>quoque</strong></span> <span class='ocrx_word' id='word_1_178' title='bbox 253 2960 338 3026; x_wconf 89' lang='lat' dir='ltr'><strong>tueri</strong></span> <span class='ocrx_word' id='word_1_179' title='bbox 360 2959 399 3024; x_wconf 92' lang='lat' dir='ltr'><strong>de</strong></span> <span class='ocrx_word' id='word_1_180' title='bbox 423 2960 536 3024; x_wconf 91' lang='lat' dir='ltr'><strong>declin.</strong></span> <span class='ocrx_word' id='word_1_181' title='bbox 559 2982 588 3042; x_wconf 91' lang='lat' dir='ltr'><strong>p.</strong></span> <span class='ocrx_word' id='word_1_182' title='bbox 611 2959 664 3023; x_wconf 85' lang='grc'><strong>48.</strong></span> 
     </span>
    </p>
   </div>
   <div class='ocr_carea' id='block_1_3' title="bbox 191 3071 1358 3159">
    <p class='ocr_par' dir='ltr' id='par_1_9' title="bbox 191 3071 1358 3159">
     <span class='ocr_line' id='line_1_26' title="bbox 191 3071 1358 3159; baseline -0.002 -18"><span class='ocrx_word' id='word_1_183' title='bbox 191 3075 298 3142; x_wconf 86' lang='lat' dir='ltr'><strong>Versu</strong></span> <span class='ocrx_word' id='word_1_184' title='bbox 322 3074 386 3140; x_wconf 87' lang='grc'><strong>559</strong></span> <span class='ocrx_word' id='word_1_185' title='bbox 416 3074 455 3139; x_wconf 90' lang='lat' dir='ltr'><strong>de</strong></span> <span class='ocrx_word' id='word_1_186' title='bbox 483 3077 630 3158; x_wconf 89' lang='lat' dir='ltr'><strong>correpta</strong></span> <span class='ocrx_word' id='word_1_187' title='bbox 655 3073 752 3139; x_wconf 75' lang='lat' dir='ltr'><strong>licrctc</strong></span> <span class='ocrx_word' id='word_1_188' title='bbox 778 3096 856 3138; x_wconf 88' lang='lat' dir='ltr'><strong>voce</strong></span> <span class='ocrx_word' id='word_1_189' title='bbox 884 3071 936 3158; x_wconf 87' lang='lat' dir='ltr'><strong>(ut</strong></span> <span class='ocrx_word' id='word_1_190' title='bbox 962 3096 990 3136; x_wconf 88' lang='lat' dir='ltr'><strong>v.</strong></span> <span class='ocrx_word' id='word_1_191' title='bbox 1015 3071 1072 3159; x_wconf 88' lang='grc'><strong>58)</strong></span> <span class='ocrx_word' id='word_1_192' title='bbox 1097 3074 1249 3139; x_wconf 89' lang='lat' dir='ltr'><strong>dubitans</strong></span> <span class='ocrx_word' id='word_1_193' title='bbox 1355 3102 1358 3107; x_wconf 93' lang='lat'>·</span> 
     </span>
    </p>
   </div>
   <div class='ocr_carea' id='block_1_4' title="bbox 26 3189 1327 4201">
    <p class='ocr_par' dir='ltr' id='par_1_10' title="bbox 26 3189 1327 3835">
     <span class='ocr_line' id='line_1_27' title="bbox 65 3189 1248 3272; baseline -0.008 -10"><span class='ocrx_word' id='word_1_194' title='bbox 65 3191 330 3262; x_wconf 69' lang='lat' dir='ltr'><strong>Fleckeisenus</strong></span> <span class='ocrx_word' id='word_1_195' title='bbox 357 3190 536 3255; x_wconf 89' lang='lat' dir='ltr'><strong>mutatione</strong></span> <span class='ocrx_word' id='word_1_196' title='bbox 568 3212 636 3254; x_wconf 90' lang='lat' dir='ltr'><strong>non</strong></span> <span class='ocrx_word' id='word_1_197' title='bbox 664 3213 740 3253; x_wconf 86' lang='lat' dir='ltr'><strong>sanc</strong></span> <span class='ocrx_word' id='word_1_198' title='bbox 768 3189 932 3253; x_wconf 90' lang='lat' dir='ltr'><strong>leuissima</strong></span> <span class='ocrx_word' id='word_1_199' title='bbox 959 3189 1013 3269; x_wconf 76' lang='lat' dir='ltr'><strong>qui</strong></span> <span class='ocrx_word' id='word_1_200' title='bbox 1045 3189 1158 3252; x_wconf 87' lang='lat' dir='ltr'><strong>suadet</strong></span> <span class='ocrx_word' id='word_1_201' title='bbox 1190 3213 1248 3272; x_wconf 91' lang='lat' dir='ltr'><strong>pro</strong></span> 
     </span>
     <span class='ocr_line' id='line_1_28' title="bbox 60 3303 1327 3396; baseline -0.009 -19"><span class='ocrx_word' id='word_1_202' title='bbox 60 3311 234 3396; x_wconf 68' lang='lat' dir='ltr'><strong>quidem,</strong></span> <span class='ocrx_word' id='word_1_203' title='bbox 256 3311 294 3372; x_wconf 92' lang='lat' dir='ltr'><strong>ut</strong></span> <span class='ocrx_word' id='word_1_204' title='bbox 317 3307 439 3372; x_wconf 84' lang='lat' dir='ltr'><strong>sociata</strong></span> <span class='ocrx_word' id='word_1_205' title='bbox 461 3307 515 3387; x_wconf 78' lang='lat' dir='ltr'><strong>qut</strong></span> <span class='ocrx_word' id='word_1_206' title='bbox 533 3305 628 3370; x_wconf 76' lang='lat' dir='ltr'><strong>lacrclc</strong></span> <span class='ocrx_word' id='word_1_207' title='bbox 650 3306 747 3369; x_wconf 80' lang='lat' dir='ltr'><strong>verba</strong></span> <span class='ocrx_word' id='word_1_208' title='bbox 767 3305 812 3368; x_wconf 90' lang='lat' dir='ltr'><strong>sic</strong></span> <span class='ocrx_word' id='word_1_209' title='bbox 831 3304 999 3369; x_wconf 80' lang='lat' dir='ltr'><strong>conlocata.</strong></span> <span class='ocrx_word' id='word_1_210' title='bbox 1017 3303 1101 3366; x_wconf 89' lang='lat' dir='ltr'><strong>idem</strong></span> <span class='ocrx_word' id='word_1_211' title='bbox 1119 3304 1249 3366; x_wconf 89' lang='lat' dir='ltr'><strong>valeant</strong></span> <span class='ocrx_word' id='word_1_212' title='bbox 1316 3374 1327 3389; x_wconf 32' lang='grc' dir='ltr'>ι</span> 
     </span>
     <span class='ocr_line' id='line_1_29' title="bbox 26 3417 1255 3512; baseline -0.01 -19"><span class='ocrx_word' id='word_1_213' title='bbox 26 3474 39 3481; x_wconf 90' lang='grc'><strong>-</strong></span> <span class='ocrx_word' id='word_1_214' title='bbox 64 3434 199 3512; x_wconf 71' lang='lat' dir='ltr'><strong>acque</strong></span> <span class='ocrx_word' id='word_1_215' title='bbox 232 3424 360 3488; x_wconf 86' lang='lat' dir='ltr'><strong>inverso</strong></span> <span class='ocrx_word' id='word_1_216' title='bbox 393 3421 504 3486; x_wconf 90' lang='lat' dir='ltr'><strong>ordine</strong></span> <span class='ocrx_word' id='word_1_217' title='bbox 535 3442 603 3484; x_wconf 84' lang='lat' dir='ltr'><strong>sese</strong></span> <span class='ocrx_word' id='word_1_218' title='bbox 631 3421 822 3504; x_wconf 84' lang='lat' dir='ltr'><strong>excipientia</strong></span> <span class='ocrx_word' id='word_1_219' title='bbox 848 3419 944 3483; x_wconf 75' lang='lat' dir='ltr'><strong>lrcrclc</strong></span> <span class='ocrx_word' id='word_1_220' title='bbox 970 3419 1036 3499; x_wconf 69' lang='lat' dir='ltr'><strong>uici,</strong></span> <span class='ocrx_word' id='word_1_221' title='bbox 1064 3417 1102 3480; x_wconf 89' lang='lat' dir='ltr'><strong>dc</strong></span> <span class='ocrx_word' id='word_1_222' title='bbox 1132 3417 1255 3500; x_wconf 82' lang='lat' dir='ltr'><strong>quibus&#39;</strong></span> 
     </span>
     <span class='ocr_line' id='line_1_30' title="bbox 60 3528 1313 3628; baseline -0.006 -25"><span class='ocrx_word' id='word_1_223' title='bbox 60 3539 170 3628; x_wconf 75' lang='lat' dir='ltr'><strong>ipse</strong></span> <span class='ocrx_word' id='word_1_224' title='bbox 199 3539 268 3624; x_wconf 85' lang='lat' dir='ltr'><strong>egit</strong></span> <span class='ocrx_word' id='word_1_225' title='bbox 295 3539 330 3603; x_wconf 90' lang='lat' dir='ltr'><strong>in</strong></span> <span class='ocrx_word' id='word_1_226' title='bbox 357 3536 510 3602; x_wconf 88' lang='lat' dir='ltr'><strong>Miscellis</strong></span> <span class='ocrx_word' id='word_1_227' title='bbox 534 3536 652 3599; x_wconf 86' lang='lat' dir='ltr'><strong>criticis</strong></span> <span class='ocrx_word' id='word_1_228' title='bbox 675 3560 706 3620; x_wconf 92' lang='lat' dir='ltr'><strong>p.</strong></span> <span class='ocrx_word' id='word_1_229' title='bbox 730 3537 772 3600; x_wconf 92' lang='grc'><strong>28</strong></span> <span class='ocrx_word' id='word_1_230' title='bbox 796 3558 876 3619; x_wconf 87' lang='lat' dir='ltr'><strong>sqq.:</strong></span> <span class='ocrx_word' id='word_1_231' title='bbox 908 3532 1003 3617; x_wconf 92' lang='lat' dir='ltr'><strong>idque</strong></span> <span class='ocrx_word' id='word_1_232' title='bbox 1026 3532 1147 3597; x_wconf 88' lang='lat' dir='ltr'><strong>firmari</strong></span> <span class='ocrx_word' id='word_1_233' title='bbox 1169 3530 1248 3597; x_wconf 92' lang='lat' dir='ltr'><strong>Poe·</strong></span> <span class='ocrx_word' id='word_1_234' title='bbox 1311 3528 1313 3533; x_wconf 69' lang='grc'><strong>’</strong></span> 
     </span>
     <span class='ocr_line' id='line_1_31' title="bbox 62 3651 695 3736; baseline -0.013 -13"><span class='ocrx_word' id='word_1_235' title='bbox 62 3657 171 3722; x_wconf 77' lang='lat' dir='ltr'><strong>nuli</strong></span> <span class='ocrx_word' id='word_1_236' title='bbox 194 3677 289 3720; x_wconf 83' lang='lat' dir='ltr'><strong>versu</strong></span> <span class='ocrx_word' id='word_1_237' title='bbox 312 3652 369 3736; x_wconf 78' lang='lat' dir='ltr'><strong>IV,</strong></span> <span class='ocrx_word' id='word_1_238' title='bbox 392 3653 422 3736; x_wconf 88' lang='grc'><strong>2,</strong></span> <span class='ocrx_word' id='word_1_239' title='bbox 446 3652 487 3717; x_wconf 89' lang='grc'><strong>88</strong></span> <span class='ocrx_word' id='word_1_240' title='bbox 512 3651 695 3716; x_wconf 88' lang='lat' dir='ltr'><strong>arbitratur.</strong></span> 
     </span>
     <span class='ocr_line' id='line_1_32' title="bbox 191 3766 696 3835; baseline -0.006 0"><span class='ocrx_word' id='word_1_241' title='bbox 191 3770 242 3835; x_wconf 90' lang='lat' dir='ltr'><strong>De</strong></span> <span class='ocrx_word' id='word_1_242' title='bbox 269 3791 298 3833; x_wconf 80' lang='lat' dir='ltr'><strong>v.</strong></span> <span class='ocrx_word' id='word_1_243' title='bbox 323 3768 388 3833; x_wconf 82' lang='grc'><strong>692</strong></span> <span class='ocrx_word' id='word_1_244' title='bbox 411 3767 483 3830; x_wconf 86' lang='lat' dir='ltr'><strong>vida</strong></span> <span class='ocrx_word' id='word_1_245' title='bbox 507 3766 547 3830; x_wconf 91' lang='lat' dir='ltr'><strong>ad</strong></span> <span class='ocrx_word' id='word_1_246' title='bbox 570 3790 599 3830; x_wconf 88' lang='lat' dir='ltr'><strong>v.</strong></span> <span class='ocrx_word' id='word_1_247' title='bbox 623 3768 696 3832; x_wconf 79' lang='grc'>227.</span> 
     </span>
    </p>

    <p class='ocr_par' dir='ltr' id='par_1_11' title="bbox 71 3880 1248 4201">
     <span class='ocr_line' id='line_1_33' title="bbox 116 3880 1248 3969; baseline -0.005 -20"><span class='ocrx_word' id='word_1_248' title='bbox 116 3964 122 3969; x_wconf 30' lang='grc'>,</span> <span class='ocrx_word' id='word_1_249' title='bbox 191 3885 233 3949; x_wconf 90' lang='lat' dir='ltr'><strong>V.</strong></span> <span class='ocrx_word' id='word_1_250' title='bbox 258 3884 322 3948; x_wconf 81' lang='grc'><strong>780</strong></span> <span class='ocrx_word' id='word_1_251' title='bbox 347 3884 533 3967; x_wconf 59' lang='lat' dir='ltr'><strong>praecautio</strong></span> <span class='ocrx_word' id='word_1_252' title='bbox 566 3884 688 3948; x_wconf 85' lang='lat' dir='ltr'><strong>formae</strong></span> <span class='ocrx_word' id='word_1_253' title='bbox 717 3882 927 3946; x_wconf 87' lang='lat' dir='ltr'><strong>vindicandae</strong></span> <span class='ocrx_word' id='word_1_254' title='bbox 958 3880 1093 3945; x_wconf 85' lang='lat' dir='ltr'><strong>eandem</strong></span> <span class='ocrx_word' id='word_1_255' title='bbox 1122 3901 1248 3944; x_wconf 90' lang='lat' dir='ltr'><strong>mecum</strong></span> 
     </span>
     <span class='ocr_line' id='line_1_34' title="bbox 71 3980 1247 4080; baseline -0.007 -14"><span class='ocrx_word' id='word_1_256' title='bbox 71 4002 264 4067; x_wconf 80' lang='lat' dir='ltr'><strong>rationem</strong></span> <span class='ocrx_word' id='word_1_257' title='bbox 295 3999 460 4065; x_wconf 88' lang='lat' dir='ltr'><strong>Vsenerus</strong></span> <span class='ocrx_word' id='word_1_258' title='bbox 492 3999 565 4063; x_wconf 90' lang='lat' dir='ltr'><strong>iniit</strong></span> <span class='ocrx_word' id='word_1_259' title='bbox 599 3998 653 4061; x_wconf 82' lang='lat' dir='ltr'><strong>‘de</strong></span> <span class='ocrx_word' id='word_1_260' title='bbox 685 3997 836 4063; x_wconf 89' lang='lat' dir='ltr'><strong>Pseudoli</strong></span> <span class='ocrx_word' id='word_1_261' title='bbox 870 3980 1002 4062; x_wconf 60' lang='lat' dir='ltr'><strong>sdfiena’</strong></span> <span class='ocrx_word' id='word_1_262' title='bbox 1034 3994 1118 4080; x_wconf 80' lang='lat' dir='ltr'><strong>(lud.</strong></span> <span class='ocrx_word' id='word_1_263' title='bbox 1149 3995 1247 4060; x_wconf 88' lang='lat' dir='ltr'><strong>schol.</strong></span> 
     </span>
     <span class='ocr_line' id='line_1_35' title="bbox 75 4111 743 4201; baseline 0 -24"><span class='ocrx_word' id='word_1_264' title='bbox 75 4121 181 4182; x_wconf 82' lang='lat' dir='ltr'><strong>aest.</strong></span> <span class='ocrx_word' id='word_1_265' title='bbox 203 4115 439 4201; x_wconf 85' lang='lat' dir='ltr'><strong>Gryphiswald.</strong></span> <span class='ocrx_word' id='word_1_266' title='bbox 462 4138 490 4180; x_wconf 85' lang='lat' dir='ltr'><strong>a.</strong></span> <span class='ocrx_word' id='word_1_267' title='bbox 516 4111 615 4199; x_wconf 83' lang='grc'>1866)</span> <span class='ocrx_word' id='word_1_268' title='bbox 638 4137 669 4198; x_wconf 87' lang='lat' dir='ltr'><strong>p.</strong></span> <span class='ocrx_word' id='word_1_269' title='bbox 694 4114 743 4178; x_wconf 88' lang='lat'><strong>13.</strong></span> 
     </span>
    </p>
   </div>
   <div class='ocr_carea' id='block_1_5' title="bbox 0 0 1470 5452">
    <p class='ocr_par' dir='ltr' id='par_1_12' title="bbox 0 0 1470 5452">
     <span class='ocr_line' id='line_1_36' title="bbox 0 0 1470 5452; baseline 0 0"><span class='ocrx_word' id='word_1_270' title='bbox 0 0 1470 5452; x_wconf 95' lang='lat' dir='ltr'><strong> </strong></span> 
     </span>
    </p>
   </div>
  </div>
 </body>
</html>
