2932 5452
626 745 833 844 Panar'nrlo
1200 789 1302 844 XXVII

156 954 326 1051 fiatlam,
348 990 389 1032 ne
413 989 508 1054 agere
531 968 677 1053 cupidius
700 969 735 1032 in
759 992 825 1034 rem
849 970 1182 1069 nostrauruvideamnr,
1205 992 1303 1034 uuam

157 1087 325 1169 praetcrea
347 1083 501 1170 paginam
524 1083 725 1168 inscriptioni
748 1084 877 1149 fabulae
896 1084 1134 1167 etdidascaliae
1148 1085 1305 1169 dabimus,

157 1222 241 1284 quae
264 1200 326 1264 etsi
348 1199 383 1275 in
407 1198 596 1264 'lbinummo
619 1200 710 1264 nulla
732 1200 808 1284 fuit,
830 1203 941 1265 tamen
963 1201 998 1264 in
1021 1200 1092 1264 aliis
1114 1200 1233 1265 fabulis
1256 1224 1302 1265 re-

157 1317 253 1400 perta
274 1318 337 1380 est:
359 1315 395 1380 in
418 1336 482 1399 qua
504 1315 626 1400 pagina
648 1315 756 1399 potuit
774 1315 870 1380 ctiam
885 1320 1112 1401 argumentum
1126 1316 1303 1381 recentiore

158 1451 258 1495 manu
286 1430 431 1495 additum
459 1451 542 1514 esse,
568 1434 606 1494 ut
632 1430 666 1493 iu
694 1430 854 1496 Pseudulo
885 1432 1016 1496 factum.
1048 1430 1135 1496 Hinc
1166 1432 1304 1496 efficitur

158 1567 217 1630 per
247 1547 403 1628 quattuor
433 1544 552 1610 codicis
588 1546 791 1610 membranas
828 1547 971 1632 integras
1008 1570 1080 1611 eam
1116 1547 1303 1611 Truculenti

159 1663 285 1745 partem
314 1660 507 1745 pertinuisse
539 1683 621 1744 quae
648 1666 699 1727 est
725 1666 801 1727 aute
826 1685 952 1727 versum
976 1662 1005 1745 l,
1029 1664 1062 1745 2,
1089 1663 1142 1726 15:
1170 1662 1304 1726 totidem

159 1777 260 1863 igitur
287 1776 505 1859 membranas,
531 1776 593 1841 hoc
625 1781 674 1842 est
702 1777 869 1842 dimidium
897 1777 1143 1862 quaternionem
1170 1776 1305 1861 LVllll,

159 1893 258 1956 finem
286 1890 467 1956 Trinummi
493 1891 568 1955 inde
596 1915 615 1955 a
642 1915 671 1956 v.
698 1893 781 1957 1079
810 1893 1028 1976 complevisse.
1056 1893 1125 1957 lam
1153 1894 1206 1957 fac
1233 1915 1304 1956 eam

158 2007 304 2072 fabulam
326 2007 361 2071 in
384 2007 505 2092 pagina
522 2029 539 2072 s
556 2007 662 2072 media
680 2007 823 2072 desiisse:
847 2031 923 2072 nam
942 2009 969 2072 si
987 2009 1022 2072 in
1041 1993 1167 2072 summa
1184 2008 1306 2093 pagina

160 2122 332 2205 desineret,
353 2123 389 2186 in
411 2123 523 2187 cadem
547 2122 729 2188 continuari
752 2124 995 2207 inscriptionem
1020 2124 1207 2188 Truculenti
1230 2146 1304 2188 cou-

161 2242 352 2304 sentaneum
375 2241 456 2321 erat,
477 2242 514 2302 ut
535 2239 658 2302 factum
682 2239 788 2303 estin
811 2239 876 2303 fine
899 2239 1192 2304 Menaechmorum.
1216 2239 1304 2323 Opus

161 2359 210 2419 est
236 2355 337 2440 igitur
364 2353 532 2418 minimum
560 2369 656 2417 cxnlr
683 2354 837 2418 versibus.
865 2354 910 2419 As
937 2359 986 2420 tot
1013 2377 1123 2420 versus
1151 2377 1226 2439 pars
1253 2377 1304 2418 eir-

161 2476 264 2535 trema
292 2468 485 2552 Trinummi,
513 2468 617 2552 qualis
645 2491 732 2543 nunc
757 2471 889 2555 legitur,
916 2472 1005 2534 nullo
1034 2471 1129 2535 modo
1153 2473 1305 2554 praestat.

162 2585 290 2669 Reliqui
322 2588 399 2650 sunt
425 2584 460 2648 in
487 2605 604 2648 scaena
627 2600 667 2647 111
695 2589 786 2648 actus
809 2585 857 2649 IV
885 2586 1057 2669 septenarii
1081 2601 1156 2650 nlv:
1190 2608 1306 2650 scaeua

163 2722 197 2768 lv
222 2701 358 2765 senariis
381 2703 510 2765 constat
532 2719 621 2765 xxlr:
650 2703 740 2763 actus
764 2699 794 2763 V
818 2700 922 2782 prima
945 2723 1074 2784 scaena,
1098 2701 1188 2764 cuius
1212 2702 1305 2765 initio

164 2818 303 2903 quinque
325 2815 425 2878 fuisse
448 2814 601 2880 dimetros
620 2815 756 2899 scriptos
774 2815 943 2899 largimur,
966 2837 987 2880 x
1012 2817 1168 2879 versibus:
1192 2817 1306 2879 ultima
1348 2903 1350 2907 ,

166 2950 233 2996 bxv
261 2929 461 3015 septenariis.
489 2928 612 3005 Quibus
640 2930 695 2994 ubi
728 2930 887 2994 addideris
920 2930 1024 2993 media
1056 2931 1140 2994 inter
1172 2953 1305 2994 scaenas

166 3047 268 3131 spatia
291 3067 359 3110 non
381 3060 418 3106 vl
442 3048 582 3129 tantum,
605 3045 659 3110 sed
684 3046 764 3110 adeo
789 3060 851 3105 v111
876 3043 1019 3130 (quando
1043 3045 1150 3130 potuit
1172 3045 1206 3108 in
1229 3044 1305 3108 Am-

164 3162 315 3227 brosiano
339 3182 424 3225 nova
447 3183 577 3246 scaena,
600 3162 655 3226 ubi
678 3162 802 3245 debuit,
826 3162 924 3225 ordiri
947 3184 967 3224 a
989 3184 1017 3225 v.
1043 3158 1157 3245 1176):
1181 3184 1306 3224 summa

166 3279 302 3342 efficitur
330 3292 413 3341 cxlx
441 3296 599 3341 versuum.
626 3277 665 3340 ln
694 3277 739 3341 eis
767 3300 839 3340 eum
867 3277 1021 3341 trochaici
1049 3276 1222 3361 septenarii
1250 3276 1305 3339 ha-

165 3393 301 3457 beantur
333 3409 480 3474 Lxxxrv,
513 3413 649 3475 quorum
681 3393 806 3456 circiter
838 3416 954 3457 novem
987 3392 1136 3457 credibile
1170 3396 1218 3455 est
1250 3415 1307 3475 per

164 3508 258 3573 binos
281 3528 393 3572 versus
416 3508 623 3573 continuatos
646 3508 757 3590 fuisse,
782 3508 833 3571 vix
857 3509 932 3573 licet
954 3510 1040 3572 ultra
1063 3523 1198 3571 cxxvrrl
1222 3531 1305 3572 coru-

165 3623 308 3708 putando
332 3623 494 3708 progredi,
518 3625 555 3687 ut
572 3623 741 3687 minimum
759 3642 819 3687 xv}
839 3646 988 3688 versuum
1011 3645 1145 3687 numero
1169 3646 1188 3687 a.
1211 3624 1307 3706 plena

166 3760 316 3803 mensura
340 3737 491 3801 absimus.
515 3737 579 3801 Tot
606 3738 705 3822 igitur
729 3739 794 3802 sive
818 3762 876 3822 per
898 3739 1137 3824 neglegentiam
1161 3740 1226 3804 sive
1250 3762 1307 3822 per

166 3855 306 3938 aliquam
339 3853 556 3917 calamitatem
588 3854 831 3936 praetermissos
864 3876 932 3918 esse
964 3855 998 3916 in
1029 3853 1187 3916 Palatinis
1219 3858 1306 3917 certo

166 3969 408 4033 ratiocinamur:
437 3991 631 4052 quamquam
653 3969 723 4032 fieri
746 3973 868 4052 potest,
895 3974 931 4032 ut
956 3980 1039 4029 xxvl
1064 3967 1252 4048 exciderint,
1280 3968 1306 4030 si

166 4106 231 4149 non
258 4083 399 4148 mediam
426 4087 550 4168 partem
574 4084 706 4148 ultimae
731 4085 882 4168 paginae,
911 4083 965 4146 sed
989 4105 1059 4144 eam
1083 4081 1236 4165 paginam
1259 4082 1305 4145 iu-

165 4204 290 4286 tegram
313 4200 417 4264 exitus
440 4199 619 4263 Trinummi
643 4201 792 4283 explebat
814 4199 848 4261 in
872 4198 1087 4261 Ambrosianc
1111 4182 1230 4260 codice.¹

252 4315 343 4381 Haec
370 4314 470 4400 igitur
496 4336 570 4378 cum
597 4315 643 4378 ita
666 4316 744 4397 sint,
772 4316 835 4378 iam
859 4312 929 4377 ride
954 4312 1033 4376 mihi
1056 4333 1152 4395 quam
1176 4317 1249 4394 apte
1273 4313 1306 4375 iu

167 4430 344 4515 expositam
366 4451 473 4493 rerum
496 4429 717 4495 condicionem
740 4429 819 4493 illud
843 4428 1024 4509 conveniat,
1043 4427 1128 4510 quod
1151 4426 1307 4490 membra·

167 4567 280 4610 narum
308 4566 493 4609 mensuram
521 4546 652 4610 minime
676 4568 791 4609 curans
816 4568 832 4607 e
857 4544 933 4608 solis
957 4542 1190 4606 sententiarum
1213 4563 1307 4627 argu·

168 4661 331 4744 mentique
366 4661 546 4726 ratiombus
578 4663 617 4725 de
649 4662 773 4726 duabus
805 4660 928 4724 lacunis
961 4659 1025 4722 iam
1057 4658 1134 4722 olim
1166 4659 1307 4722 conclusi

169 4772 332 4862 Parergon
355 4798 384 4859 p.
400 4775 464 4840 559
480 4798 548 4860 sqq.
572 4780 605 4840 et
628 4777 691 4840 577
708 4800 775 4860 sqq.
798 4775 883 4840 Nam
905 4775 1046 4866 primum
1069 4774 1154 4838 inter
1178 4797 1206 4837 v.
1224 4774 1307 4837 1166
