2932 5452
156 339 202 401 40
661 331 798 387 PLAVT1
1023 388 1025 393 ,
1090 328 1143 398 13,
1159 335 1298 384 ιιι-ιω

156 499 334 584 Postquiim
357 498 408 561 uir
432 497 513 561 abiis
536 496 613 560 eius.
642 494 741 558 miror
763 493 839 578 quid
862 493 937 557 siet:

157 607 231 672 Nisi
254 611 290 669 sit
312 604 466 689 periclum
490 602 564 686 fiat,
588 603 691 667 uisam
716 599 792 685 quid
815 600 903 663 uelit.

158 713 220 779 sed
244 715 353 777 eccum
376 708 544 774 Pinacium
568 709 635 772 eius
659 729 804 791 puerum.
829 706 891 771 hoc
915 704 960 770 sis
983 705 1071 769 uide:
1250 723 1303 770 270

158 819 249 884 Satin
272 822 309 884 ds
331 818 434 882 facete
458 838 557 901 aeque
581 818 676 900 sitque
700 837 739 878 ex
762 815 888 897 pictura
911 812 1039 877 estitit?
1126 853 1129 860 ·

158 927 207 992 Ne
230 927 291 990 iste
315 923 428 1008 &depol
451 923 562 987 uinum
585 921 700 1005 pdculo
723 916 903 1004 pauxillulo

158 1031 260 1115 Saepe
284 1030 468 1095 ixaneleuit
492 1030 677 1094 siibmerum
701 1025 892 1092 scitissume.

231 1247 282 1295 272
297 1260 337 1310 sq.
368 1241 503 1295 Placidus
525 1256 551 1308 p.
572 1243 623 1304 33,
641 1240 678 1292 25
695 1239 736 1292 cd.
756 1238 881 1292 Deuerl..·
904 1237 1085 1293 exanclare
1104 1237 1272 1303 exhaurire,
1291 1254 1309 1290 a

159 1337 260 1391 graeco
280 1320 407 1388 ueniens,
427 1320 501 1389 quod
521 1318 634 1387 quidem
653 1318 769 1373 uerbum
788 1317 916 1385 Plautus,
941 1317 1092 1372 saecularis
1111 1319 1200 1386 poeta
1221 1320 1308 1372 comi-

159 1418 216 1466 nus,
235 1401 329 1469 posuit
347 1400 375 1454 in
395 1399 505 1454 Sticho:
530 1398 584 1452 ‘ne
608 1399 675 1451 iste
695 1397 979 1453 ...exanclauit'
1071 1396 1114 1464 Of.
1134 1397 1252 1467 Serpius
1276 1400 1309 1452 de

160 1483 252 1535 littera
274 1481 334 1544 (Gr.
355 1482 402 1534 lat.
421 1481 471 1533 col.
491 1478 542 1532 IV
554 1496 583 1547 p.
603 1482 667 1544 477,
686 1483 746 1544 zoi:
771 1494 836 1531 nam
860 1480 924 1532 anie
948 1477 959 1530 l
981 1494 1132 1545 numquam
1158 1477 1308 1532 inuenitur

161 1552 308 1628 d‚'ueram
331 1561 359 1613 in
383 1558 523 1628 paucist,
546 1562 578 1612 ui
606 1556 815 1624 nuntiauit,
844 1556 919 1625 quod
941 1557 970 1610 in
998 1557 1099 1611 Pluuio
1122 1558 1231 1612 lectum
1255 1561 1306 1622 est,

160 1643 213 1695 hoc
242 1644 284 1695 est
311 1638 470 1695 exhauriuit
540 1639 653 1692 Nauius
675 1654 705 1705 p.
725 1641 799 1704 292,
819 1641 849 1690 7.·
878 1638 1061 1691 exanclare
1088 1635 1234 1706 significat
1262 1654 1308 1690 ex-

161 1721 279 1775 haurire.
316 1719 433 1774 Plautus
452 1719 481 1772 in
500 1717 609 1772 Sticho:
630 1718 685 1770 ‘ns
706 1758 756 1773 ...
776 1715 980 1771 scitissime’

232 1955 293 2005 268.
312 1951 359 2004 Sic
378 1950 414 2016 A,
432 1952 489 2004 uisi
507 1950 578 2018 quod
596 1962 652 2015 mn
705 1947 729 2001 si
748 1947 820 2001 sse
871 1952 931 2001 269.
952 1947 999 2001 Sic
1017 1947 1045 2001 A
1099 1947 1256 2017 periculum
1276 1949 1305 2001 F

232 2035 292 2083 270.
316 2029 364 2083 Sic
382 2029 423 2095 A,
445 2031 502 2084 uisi
526 2030 599 2098 quod
617 2040 769 2094 isaacium
788 2032 813 2082 ct
835 2028 932 2081 omaso
951 2040 993 2080 sis
1066 2044 1098 2081 ec
1122 2045 1188 2081 cam
1206 2029 1234 2081 B

161 2109 305 2163 Pinacium
330 2110 448 2163 Bothius
473 2126 533 2164 cum
551 2109 579 2161 A
602 2126 663 2162 cum
688 2108 733 2161 lu'c
758 2112 816 2160 tum
838 2124 889 2175 per
915 2112 998 2161 totam
1023 2108 1163 2173 fabulam,
1187 2110 1303 2177 perscire

161 2196 252 2245 tamea
278 2205 390 2243 seruam
417 2190 540 2244 mulieris
566 2190 637 2243 idaia
664 2203 773 2241 ucmcu:
805 2191 901 2241 ceutra
927 2204 1005 2256 quem
1032 2188 1205 2242 Balbaclsius
1232 2189 1302 2242 dixit

165 2270 271 2324 Observ.
292 2287 321 2338 p.
341 2276 376 2325 45
390 2286 427 2340 sq.
469 2271 592 2339 piscium
615 2269 651 2324 B.
693 2266 834 2320 dinacium
864 2265 986 2320 ΟΜΖ
1091 2267 1145 2320 hoc
1175 2269 1213 2322 sis
1242 2268 1302 2321 uide

163 2349 353 2404 Fleckeiseaus
378 2350 480 2404 Philet.
504 2351 554 2404 uol.
575 2349 618 2401 ΙΙ
638 2351 675 2413 (a.
692 2351 777 2410 1847)
799 2364 827 2414 p.
847 2351 891 2400 90.
929 2347 982 2400 hoc
1005 2345 1069 2401 uide
1096 2348 1162 2401 libri
1186 2365 1246 2402 cum
1268 2349 1302 2413 A,

162 2430 340 2495 Ritsclsclius,
363 2431 412 2500 qui
434 2435 524 2484 tame-u
547 2431 578 2483 iu
601 2430 778 2483 adnotatione
796 2425 1048 2491 Fleckeiscpiauam
1071 2429 1239 2495 scripturam
1257 2429 1301 2480 cle-

162 2515 270 2581 pautcm
292 2511 360 2564 dicit
383 2516 408 2563 et
432 2512 546 2576 fortasse
568 2525 660 2563 veram
769 2523 813 2560 em
836 2507 877 2560 uel
900 2506 1005 2561 incedit
1022 2508 1195 2561 intercidisse
1217 2509 1301 2576 stapi-

162 2595 241 2644 catur
260 2589 411 2644 Muellerus
431 2590 509 2645 Pras.
532 2588 576 2643 Pl.
591 2606 621 2657 p.
642 2593 711 2642 690:
738 2590 844 2642 hiatum
867 2588 988 2653 defendit
1011 2587 1192 2641 Herniauuus
1217 2588 1301 2641 Eleu.

162 2671 245 2723 doctr.
264 2677 338 2723 metr.
354 2688 383 2739 p.
403 2676 455 2723 191
546 2674 607 2724 271.
645 2667 1302 2735 saurais-saaraim-arsicrmsissslsssA

233 2749 325 2802 facete
358 2765 446 2817 aeque
479 2752 564 2816 atqua
597 2765 629 2801 ex
662 2748 772 2815 pictura
800 2747 997 2801 Fleckeiseuus.
1035 2748 1125 2801 facete
1155 2752 1242 2816 atque
1273 2765 1302 2800 ex

163 2831 273 2898 pictura
300 2830 456 2896 (expictnra
485 2828 557 2895 OD)
585 2829 649 2880 libri
673 2833 783 2895 practer
811 2829 846 2880 A.
888 2827 998 2881 faceted
1025 2830 1109 2895 atquc
1137 2830 1170 2881 ut
1198 2829 1303 2896 pictura

163 2910 289 2961 Locrcius
309 2909 393 2960 iiual.
415 2909 459 2961 Pl.
475 2926 504 2976 p.
526 2913 586 2961 176.
626 2907 715 2960 facete
741 2910 825 2975 atque
844 2924 878 2961 ex
900 2907 1027 2976 piatarad
1051 2909 1217 2962 Bitscliclius
1237 2908 1304 2962 Nar.

163 3005 218 3042 exc.
238 3006 267 3055 p.
288 2992 337 3040 64.-
361 2989 395 3052 εί.
417 2988 569 3041 Muellerus
592 2988 707 3040 Nectar.
729 3004 758 3055 p.
779 2993 816 3041 72
831 3007 868 3057 sq.
910 2988 999 3041 facete
1028 2990 1112 3055 sique
1140 3005 1174 3041 ex
1198 2987 1306 3056 pictura

164 3068 209 3119 hie
240 3069 346 3137 Ppladr
378 3073 488 3120 eiectare
516 3067 662 3120 Acidalius
753 3074 812 3120 272.
837 3082 1305 3135 aassrssrissoaamasirocaca-

166 3161 361 3200 rsnxnaaaa
382 3146 407 3196 Α
499 3146 598 3215 edepol
619 3147 676 3200 uini
698 3146 812 3200 Placidi
831 3148 866 3214 Il,
887 3148 920 3201 de
940 3148 1046 3217 poluini
1065 3149 1109 3213 H,
1128 3148 1162 3202 de
1183 3149 1305 3217 polluine

166 3228 190 3279 G
263 3226 376 3295 poeula]
395 3227 456 3279 cide
475 3226 667 3281 Flecleiseuus
686 3227 785 3280 Paitoi.
805 3229 856 3281 vol.
876 3228 916 3279 II
931 3231 969 3293 (a.
989 3232 1117 3295 184771).
1138 3234 1202 3282 112.
1240 3246 1306 3297 pau-

166 3306 229 3359 culo
251 3306 365 3358 Placidi
383 3305 426 3370 H,
446 3306 529 3373 paulo
550 3307 574 3360 G
665 3306 761 3358 uinum
781 3307 882 3373 poculo
906 3308 1054 3361 exanclaut
1071 3309 1252 3365 (exanclauet
1273 3311 1309 3376 Pi

165 3385 278 3454 plautus
301 3386 329 3438 in
349 3386 450 3454 penula
470 3402 553 3454 saepe
573 3386 732 3440 exanelauit
749 3389 852 3441 codices
870 3388 959 3440 Nemi
978 3387 1042 3440 ΗΡ
1112 3393 1173 3440 273.
1198 3403 1308 3441 ssess-

165 3478 716 3533 sxsuapsai'estanasxaasrsrispissasri:
741 3468 766 3518 A
849 3469 920 3535 sepe
941 3467 996 3520 01)
1076 3466 1239 3520 exanclauit
1266 3485 1310 3534 (ax

165 3563 200 3600 an
220 3546 306 3600 cisuit
323 3546 363 3613 B)
381 3547 446 3599 libri
464 3563 524 3600 curri
543 3547 583 3611 A,
608 3547 725 3599 Nouius.
764 3547 888 3599 exaclaui
911 3546 1023 3599 Placidi
1041 3546 1080 3610 li,
1108 3547 1258 3600 exanclaui
1278 3549 1310 3601 G.

165 3625 320 3680 exantlauit
339 3626 450 3696 Serpius
523 3627 573 3679 sub
592 3643 697 3679 merum
717 3626 788 3681 BD.
822 3627 993 3679 submersum
1012 3626 1048 3679 F.
1086 3627 1260 3679 submeirum
1280 3630 1310 3680 Z.

165 3723 272 3758 merum
287 3707 398 3759 Nerua-s
469 3705 625 3759 scitissume
643 3706 733 3771 (saitis
753 3724 831 3759 sume
845 3707 882 3772 B,
901 3706 1045 3761 scitissime
1061 3707 1098 3772 Z)
1116 3707 1183 3759 libri
1197 3725 1260 3761 euru
1279 3712 1311 3761 21.

165 3784 311 3839 scitissime
330 3785 441 3839 Nouius
