2932 5452
160 348 223 411 184
640 345 827 402 APPENDIX
1131 353 1312 404 isos—sess

230 513 306 563 1302.
328 508 440 563 Crucem
456 507 624 576 praefigebat
643 506 793 575 Bemleius,
807 513 871 577 post
884 507 1013 563 Cuietum
1032 509 1091 562 secl.
1107 508 1312 575 Fleckeeseuus

158 589 311 643 Muellerus
331 587 470 644 ‘Noctua'
489 605 519 657 p.
538 591 584 654 47,
601 588 753 658 Lauqeuus
771 589 810 642 St.
833 589 879 644 Pl.
894 604 925 657 p.
945 592 1008 644 370.
1044 587 1175 656 Namque
1194 588 1313 656 quidem

158 666 211 721 hoc
231 684 295 721 uere
315 669 411 722 natum
431 670 486 735 est,
506 683 603 721 uerum
619 667 795 723 Camerarius
808 670 924 739 itemque
936 669 986 723 del.
1002 673 1131 724 commeate
1144 669 1312 723 Lambinus.

158 747 300 816 Numquid
318 751 417 802 natum
441 752 485 802 est
508 747 561 801 hoc
580 764 645 802 uere
664 756 779 802 uerum?
807 749 929 802 Reieius.
967 749 1042 802 Num
1061 748 1129 817 quid
1153 748 1209 803 hoc
1226 765 1313 803 nene·

159 829 285 882 natumst
302 836 417 882 uerum?
447 827 627 882 Frauclceuus
641 845 671 898 p.
692 833 727 882 64
737 844 774 897 sq.
800 859 834 869 —-
858 829 911 884 hoc
935 845 969 883 ae
988 830 1018 897 (i.
1037 846 1059 883 e.
1079 828 1165 898 male)
1189 831 1313 898 natn(m)

115 916 120 924 ·
159 906 302 962 Iteuterus.
322 939 355 948 -
375 908 432 962 Pro
451 906 493 961 ita
511 906 629 961 Botbius
647 912 714 962 tam.

234 993 310 1042 1303.
338 988 435 1042 Totam
460 1005 484 1041 c.
504 989 597 1041 leuoui
619 984 800 1044 continuabat
818 989 981 1046 Saracenas.
1009 1021 1044 1030 -
1072 1007 1136 1045 cnm
1158 1006 1223 1045 raso
1242 991 1314 1045 duce

160 1071 305 1138 Louqolio,
322 1085 400 1138 quem
417 1068 598 1138 redarguebat
620 1066 748 1135 Pistoris,
770 1069 886 1126 Guietus
903 1071 1081 1140 Botbiusque.
1120 1070 1259 1126 semiraso
1280 1073 1314 1140 (f)

169 1149 317 1218 Vasiugius.
337 1179 371 1189 -
390 1148 457 1216 quid
477 1147 515 1200 sit
528 1147 655 1217 Pylarles.
699 1148 729 1203 V.
752 1155 820 1203 1305
840 1169 906 1204 num
925 1153 958 1205 tu
975 1150 1138 1205 Lambinus.

142 1296 143 1299 Ἴ
233 1235 309 1285 1307.
330 1230 383 1283 hoc
401 1227 528 1298 proxima
548 1227 676 1297 Pylades.
697 1229 778 1282 -in
798 1231 868 1285 mari
888 1231 944 1286 elui
968 1230 1059 1285 Valla.
1095 1230 1125 1284 in
1144 1230 1214 1284 mari
1234 1230 1312 1284 claui

159 1309 239 1374 Pius,
258 1309 305 1361 cui
323 1324 387 1361 nam
407 1309 463 1363 aeli.
484 1306 611 1376 Pylades,
630 1323 687 1361 rem
707 1309 858 1375 Bentleias‚
876 1326 938 1365 cum
955 1310 984 1363 in
1003 1309 1312 1376 mandaueratis

162 1390 287 1457 ttiusque
304 1389 439 1454 scribant,
458 1387 486 1440 in
505 1386 575 1440 mari
596 1385 642 1441 hic
660 1388 782 1442 Bm'eius
800 1389 875 1444 Aura
891 1390 962 1459 pluit.
983 1388 1125 1443 CXXXI
1136 1406 1168 1459 p.
1187 1393 1254 1445 203.
1282 1390 1311 1442 in

163 1469 234 1523 mari
252 1468 322 1522 mihi
342 1470 371 1522 et
389 1467 437 1521 alii
457 1467 640 1521 Camerarius.
669 1467 716 1522 Aa
733 1485 805 1537 pecu
822 1469 875 1538 (vel
893 1469 1019 1540 cetuml)
1046 1468 1105 1524 alni
1123 1471 1159 1536 ct.
1174 1486 1199 1524 c.
1214 1474 1279 1523 545.

234 1553 349 1618 1310sq.
379 1547 427 1615 qui
451 1545 537 1616 periit
559 1551 584 1600 et
611 1545 651 1600 ibi
674 1563 725 1602 orm.
750 1549 876 1618 Pylades.
921 1549 968 1617 qui
991 1547 1078 1618 periit
1104 1547 1220 1604 infuerit
1242 1550 1311 1617 quid

161 1632 285 1686 Guietus.
328 1627 359 1681 V.
381 1633 447 1681 1311
472 1625 530 1680 GR.
554 1626 639 1693 nihil,
663 1630 759 1682 tamen
778 1628 905 1698 Pylades.
934 1659 967 1668 -
997 1646 1053 1684 non
1071 1629 1137 1696 hoc,
1162 1626 1210 1683 sed
1230 1629 1310 1684 uliud

161 1717 221 1779 (om.
240 1711 347 1778 tamen)
366 1708 489 1762 Guietus.
528 1706 586 1760 GR.
606 1708 701 1761 tamen
720 1707 757 1775 si,
777 1725 833 1762 non
852 1710 906 1763 hoc
924 1707 1102 1762 fabulemur?
1125 1708 1240 1763 Reieius
1257 1711 1311 1765 cet.

157 1791 249 1864 alind,
277 1790 350 1861 quod
376 1805 488 1842 succus
515 1804 570 1842 non
593 1788 644 1842 del.
668 1788 848 1843 Hermauuus
870 1789 917 1846 El.
941 1789 1153 1859 d.m.p.155.
1198 1790 1308 1858 (periit)

157 1875 267 1938 tamen,
291 1871 314 1924 si
333 1885 406 1924 nunc
428 1869 483 1922 hoo
501 1867 586 1937 (nunc
604 1866 629 1921 si
647 1867 718 1921 illud
737 1869 811 1935 olim)
831 1868 989 1922 fabulemur
1006 1869 1125 1923 Batbius
1142 1869 1188 1936 (ei.
1208 1868 1310 1923 Flecte—

156 1954 262 2006 eiseuus
285 1951 342 2004 Ex.
369 1949 414 2002 Pl.
434 1947 618 2018 1)·37),11ὺὲ
642 1947 801 2001 fabulamur
823 1948 974 2018 Laugeuus
994 1948 1106 2004 ‘Beitr.’
1126 1966 1157 2019 p.
1177 1954 1214 2004 60
1237 1951 1309 2004 obla

157 2037 254 2101 qaeute
272 2029 423 2084 Dcmbarto
443 2027 499 2081 ‘Bt
522 2028 544 2093 s.
564 2027 654 2096 boyer.
673 2027 784 2097 Cuma)
808 2029 909 2083 XVII
927 2047 955 2098 p.
975 2032 1038 2084 335.
1071 2029 1176 2098 (periit)
1194 2032 1310 2083 minen?

159 2112 246 2172 [iSins
261 2111 323 2178 hoc,
337 2108 415 2163 aliud
430 2107 588 2162 fabulemur
602 2106 763 2178 Spersgetius
779 2108 810 2162 Τ.
821 2109 862 2164 M.
877 2109 910 2163 Ρ.
921 2124 951 2179 p.
966 2113 1003 2163 16
1017 2111 1197 2164 emacuieute
1210 2109 1312 2164 Blasio

158 2193 176 2246 l.
193 2208 215 2246 s.
235 2208 257 2244 s.
272 2208 303 2260 p.
318 2194 363 2244 48.
398 2188 439 2255 Cf.
459 2187 607 2242 Amblalius
621 2204 651 2257 p.
670 2192 735 2243 452.
764 2190 916 2244 Imcolsabat
935 2189 1053 2258 Gm'rrus:
1075 2193 1183 2259 minen,
1205 2189 1232 2243 si
1256 2191 1311 2243 hoc

158 2269 334 2336 memineris,
353 2269 423 2322 mihi
442 2267 527 2322 dicas.
784 2299 786 2302 -

231 2357 308 2407 1313.
328 2349 443 2403 Nummi
458 2348 612 2417 octingenti
628 2349 706 2402 aurei
721 2350 905 2415 Camerarius,
924 2349 997 2404 uude
1012 2349 1177 2419 Octingsnti
1189 2348 1219 2404 in
1235 2366 1312 2403 mar-

158 2430 238 2499 supio
261 2428 368 2483 nummi
387 2429 464 2483 aurei
483 2430 547 2483 irai.
568 2428 694 2495 Reieius,
717 2428 880 2498 Octingcnti
902 2430 1008 2483 nummi
1031 2429 1192 2496 Berscistua
1217 2429 1311 2484 octin-

157 2512 249 2580 gentis
271 2511 360 2564 suasit
385 2509 552 2563 Ritscbelius
573 2508 670 2577 Opusc.
692 2510 755 2563 III
773 2527 803 2578 p.
823 2513 891 2576 133,
914 2508 1070 2580 octingenti
1094 2508 1136 2564 ibi
1157 2510 1312 2564 Muellerus

158 2592 299 2647 ‘Naelitm’
318 2609 347 2659 p.
363 2594 399 2644 47
408 2590 486 2655 adu„
504 2587 548 2642 illi
566 2588 722 2658 octingenti
741 2589 891 2658 Seyffertus
909 2588 990 2643 seua.
1009 2589 1055 2646 Pl.
1065 2607 1097 2658 p.
1111 2593 1157 2644 24.
1186 2589 1310 2659 primunr

163 2678 226 2726 autc
244 2672 386 2725 infuerunt
404 2670 468 2724 ass.
491 2668 617 2739 Pylades.

234 2758 309 2805 1314.
329 2766 410 2804 mnae
430 2747 601 2818 philippicae
621 2750 740 2818 Butades
762 2766 823 2804 cum
841 2750 917 2804 codd.
937 2750 1047 2804 adustis
1065 2748 1198 2804 Anselmi.
1228 2768 1311 2805 mnae

160 2832 319 2900 Philippico
334 2831 483 2884 Bemtleius.
513 2829 679 2899 Philippeae
699 2830 791 2883 minae
806 2829 919 2884 licinius
933 2831 1069 2900 probante
1082 2831 1216 2885 Mueliero
1231 2831 1310 2885 Pras.

155 2931 183 2981 p.
195 2916 258 2966 248.
284 2911 390 2964 nummi
405 2909 545 2978 Philippei
561 2910 683 2964 Guietus.
708 2909 768 2964 auri
783 2910 875 2964 minae
890 2909 1014 2979 Philippi
1027 2910 1179 2979 Lauqeuus
1195 2911 1310 2965 ‘Beitm’

156 3010 185 3060 p.
206 2997 252 3045 87.
285 2989 386 3061 (milia)
405 2989 566 3059 Philippum
588 2990 857 3057 castrumfortem
875 2995 951 3046 recte.
981 2989 1102 3045 Cotem
1121 2992 1156 3057 cs.
1173 2991 1312 3046 Curiatius

160 3072 233 3126 Auu.
247 3072 315 3139 ubil.
332 3070 456 3124 XCVII
469 3087 496 3138 p.
512 3075 578 3135 345,
598 3069 748 3138 Germertus
767 3071 845 3125 seua.
865 3071 909 3125 Pl.
927 3071 948 3122 I
959 3089 989 3140 p.
1009 3076 1052 3126 57.

233 3158 308 3204 1316.
328 3150 373 3203 Dii
393 3167 487 3204 omnes
507 3151 633 3203 homines
648 3151 775 3219 Pylades.
802 3151 848 3204 Dii
867 3168 911 3206 me
926 3151 1107 3219 hominesque
1125 3152 1309 3207 Camerarius.

163 3231 197 3284 Di
217 3247 261 3283 me
276 3247 371 3284 omncs
391 3231 516 3283 Weisias.
547 3229 611 3282 Diui
627 3230 753 3285 homines
767 3233 849 3285 ctiam
863 3233 1004 3287 Abraham
1019 3233 1059 3287 St.
1075 3233 1119 3287 Pl.
1131 3251 1160 3300 p.
1176 3236 1236 3286 204
1247 3235 1311 3288 urire

159 3311 280 3365 Hiatum
298 3311 351 3376 def.
372 3310 561 3364 Fleckeisemus
579 3312 655 3363 Auu.
670 3311 740 3379 phil.
760 3311 841 3364 LXI
855 3329 884 3380 p.
904 3318 942 3366 52
961 3318 1046 3366 totum
1064 3329 1088 3367 a.
1107 3314 1262 3368 secludens>
1277 3346 1310 3354 —

164 3390 242 3457 bene,
262 3390 341 3458 bene,
361 3391 430 3443 bene
450 3407 502 3460 ego
518 3390 642 3443 Botleius.
672 3392 730 3443 Aut
748 3391 820 3446 bene
838 3409 905 3460 ergo
920 3408 973 3461 ego
989 3397 1039 3447 aut
1053 3392 1126 3446 bena
1142 3409 1212 3462 ergo
1228 3394 1311 3447 hodie

160 3471 313 3525 Muellerus
333 3471 411 3525 Pras.
429 3488 458 3538 p.
479 3474 540 3524 741.
577 3470 644 3523 boni
663 3470 734 3525 bene
754 3488 806 3540 ego
826 3472 1014 3527 l'rauclmrus.

232 3557 309 3606 1317.
338 3553 382 3604 est
409 3551 492 3603 huius
523 3551 651 3620 Pylades.
698 3552 812 3606 huiusce
840 3553 884 3606 est
909 3553 1060 3608 Bentleius.
1105 3553 1190 3607 hnins
1216 3558 1260 3609 est
1286 3555 1308 3607 is

160 3633 312 3686 Muellerus
333 3632 473 3685 ‘Nachtr'
496 3648 525 3700 p.
546 3633 653 3685 arada.
679 3633 837 3700 improbans
855 3632 1002 3688 Profectod
1019 3635 1093 3704 quod
1111 3635 1309 3690 commendarit

159 3713 316 3767 Braudtius
334 3713 367 3766 dc
384 3728 442 3781 yeu.
460 3728 488 3779 p.
509 3715 546 3766 67
561 3716 624 3779 post
643 3712 781 3768 Botbium.

232 3799 308 3846 1319.
329 3791 452 3862 epiclisis
471 3792 591 3860 Pylades
612 3793 657 3846 ‘ec
681 3791 824 3849 Varroue'.
854 3795 895 3861 Cf.
918 3793 1060 3850 Turnebus
1074 3797 1191 3850 Advers.
1209 3794 1309 3848 XXII

160 3877 202 3926 30.
228 3904 260 3912 —
287 3873 435 3926 cantharus
460 3873 561 3941 gaulim
586 3873 758 3941 cyathusque
783 3873 966 3930 Camerarius.
1004 3874 1187 3929 santharatus
1210 3877 1308 3944 gaulus

159 3953 278 4022 cyathus
295 3954 446 4008 Bentleius.

233 4039 308 4088 1320.
342 4034 466 4088 habuisti
495 4033 608 4102 quidem
636 4036 667 4087 tu
693 4033 817 4089 Guietus
862 4037 892 4089 tu
921 4034 1033 4103 quidem
1062 4034 1157 4090 hercle
1187 4036 1310 4091 habuisti

163 4112 313 4166 Muellerus
334 4114 473 4169 ‘Nacbtm’
491 4133 520 4184 p.
541 4118 595 4169 137
605 4116 670 4168 adm.

237 4200 312 4247 1324.
333 4196 380 4248 Aet
399 4194 604 4265 Quadrigentos
623 4196 773 4262 eumaem.
792 4202 893 4252 11374.
914 4201 995 4251 1133.
1015 4227 1048 4236 -
1068 4189 1199 4266 putridas
1222 4199 1309 4266 Valla,

161 4272 330 4327 Lambinus:
349 4275 382 4339 cs.
402 4275 566 4329 Ititsctielius
587 4276 685 4344 Opust.
703 4277 744 4330 II
757 4294 787 4345 p.
807 4282 908 4347 cuiq.

234 4359 310 4409 1326.
339 4372 403 4406 nuru
431 4355 474 4423 git
497 4356 659 4423 frigefactus
690 4356 778 4412 Valla.
822 4373 894 4410 nunc
918 4359 961 4425 git
985 4357 1148 4427 frigefactus
1173 4360 1310 4416 Aleiatus.

161 4453 227 4488 num
247 4433 291 4487 cid
317 4433 376 4501 (Git
396 4436 558 4489 Gulielmius
574 4454 602 4504 p.
623 4441 684 4488 441.
723 4436 775 4488 Gid
796 4437 912 4503 Parcus)
935 4437 1128 4506 frigidefactas
1146 4437 1310 4494 Salmasius.

161 4532 232 4569 nunc
252 4515 280 4566 id
299 4514 461 4583 frigefactus
480 4534 513 4570 es
532 4518 614 4570 Poeu.
634 4534 657 4571 c.
674 4521 728 4570 760
745 4519 815 4584 firm.
832 4517 979 4571 Acidalius
995 4534 1023 4586 p.
1038 4521 1094 4571 453
1108 4519 1310 4590 Brautiusque.
