2932 5452
456 693 457 696 ‘
539 715 744 775 sarcasmo
1149 752 1210 792 xxv

155 876 197 944 V.
219 877 284 944 539
309 878 427 944 dudum
452 878 654 946 Camerarius
683 885 757 969 iana
776 883 868 948 milri
894 907 954 968 pro
977 886 1042 950 inm
1065 888 1211 970 reposuit

65 984 322 1051 assentientibus
343 987 501 1072 omuibus,
520 989 575 1072 qui
595 993 704 1054 tamen
724 990 935 1076 neglexerunt
953 993 1100 1075 proximo
1116 1016 1210 1059 versu

63 1090 162 1177 (inm)
182 1093 259 1156 mim
278 1090 340 1179 (sic
358 1092 391 1173 0,
413 1115 489 1159 ocem
508 1094 590 1181 BD)
615 1118 791 1180 excurrere,
815 1099 899 1180 quod
923 1099 996 1163 inde
1020 1100 1210 1167 declaratur.

153 1197 269 1284 Neque
292 1200 389 1264 aliter
411 1223 440 1265 v.
455 1201 519 1266 876
544 1223 616 1265 curn
640 1207 705 1266 tum
728 1224 788 1286 pro
812 1208 877 1267 tum
899 1204 978 1268 midi
1001 1202 1209 1290 Spengelium

64 1309 195 1372 secutus
222 1307 439 1390 rest'tuerem,
467 1307 562 1372 simul
591 1331 619 1371 v.
644 1309 709 1373 874
736 1307 841 1392 (dnm)
869 1310 947 1374 milri
975 1310 1083 1376 hiatus
1112 1335 1210 1378 causa

63 1412 278 1497 inferendum,
301 1419 334 1478 et
357 1435 395 1478 ex
418 1414 490 1497 ipso
510 1419 574 1478 tum
597 1414 676 1478 milri
698 1415 900 1479 inferendum
925 1438 994 1481 esse
1019 1419 1172 1485 intellexi.

153 1520 261 1586 Versu
283 1524 390 1585 autern
415 1521 478 1586 801
505 1543 541 1584 ex
569 1526 639 1585 octa
667 1523 745 1587 crisi
771 1526 852 1605 quod
879 1530 999 1608 tcropo
1022 1528 1098 1592 nisi
1121 1528 1208 1593 effeci

63 1649 138 1694 conc
167 1629 217 1693 mi
239 1629 315 1694 nisi
342 1628 424 1710 quod
450 1632 476 1690 le
503 1648 588 1710 repo,
616 1650 688 1692 cum
717 1629 813 1693 etiam
837 1653 866 1694 v.
891 1631 955 1695 794
982 1632 1045 1696 nisi
1073 1637 1105 1696 et
1131 1635 1210 1698 milri

63 1735 150 1800 iuter
173 1758 208 1800 se
231 1733 464 1818 permutaverit
482 1733 634 1798 librarius
655 1739 687 1799 et
705 1757 779 1800 corre
796 1736 874 1800 arilei
893 1759 930 1800 ex
948 1736 1117 1804 Asinariae
1136 1742 1206 1805 loco

64 1842 166 1907 allato
190 1839 385 1926 probetur.¹)

154 1947 259 2014 Valde
283 1951 452 2032 corruptus
480 1948 668 2032 perhibetur
692 1973 720 2014 v.
744 1951 821 2033 863,
850 1972 913 2034 quo
937 1971 1008 2015 crnn
1032 1953 1116 2017 inter
1143 1955 1209 2018 alia

63 2057 218 2122 tcamtttc'
239 2077 393 2120 novarem
415 2077 473 2138 pro
497 2061 530 2120 ct
551 2077 603 2120 occ
627 2061 795 2141 decimare,
818 2080 885 2122 non
907 2059 1027 2124 nullius
1052 2061 1208 2125 momenti

62 2163 170 2228 risum
200 2167 262 2247 est,
292 2163 376 2247 quod
406 2168 435 2226 et
462 2184 510 2227 racc
536 2163 668 2228 voculae
698 2163 751 2228 hic
782 2164 881 2229 etiam
913 2165 953 2228 ab
982 2165 1055 2229 aliis
1084 2166 1207 2233 deletae

63 2294 92 2337 v.
115 2270 181 2336 867
213 2269 449 2352 desiderantur,
482 2270 536 2333 ubi
570 2270 688 2334 dudum
721 2274 749 2334 ct
780 2292 827 2334 mc
859 2294 918 2355 pro
946 2278 975 2336 ct
1002 2271 1207 2339 Camerarius

62 2373 236 2463 scripsit.²)

152 2483 298 2568 Denique
317 2506 347 2548 v.
361 2483 426 2547 954
450 2505 513 2546 uon
533 2484 619 2566 fugit
638 2484 766 2547 criticos
785 2484 834 2548 laic
851 2507 911 2568 cpo
929 2509 987 2569 pro
1007 2487 1056 2551 laic
1078 2490 1207 2572 requiri,

63 2590 119 2656 sed
144 2590 223 2655 illud
246 2590 368 2676 fugisse
393 2589 518 2654 videtur
540 2590 602 2653 hoc
622 2592 728 2673 ipsum
752 2591 853 2655 latere
877 2593 910 2656 in
934 2594 1076 2658 ciusdem
1096 2618 1205 2660 versus

61 2702 216 2783 corrupto
243 2695 362 2783 exitu³l
392 2719 472 2762 rocos
499 2719 585 2779 nepo
615 2697 678 2782 (vel
707 2720 769 2761 aon
797 2698 863 2785 opo)
892 2702 1027 2786 corbolo,
1055 2702 1109 2765 ubi
1137 2725 1206 2785 erpo

61 2828 101 2870 ex
123 2826 175 2888 epo
199 2803 403 2889 Spengelius‚
431 2804 486 2868 alii
517 2804 582 2867 alia
610 2805 796 2869 effecerunt:
825 2805 934 2890 itaque
963 2807 1008 2871 nil
1036 2809 1205 2892 respicien-

25 2940 28 2944 ·
60 2911 139 2977 dum
167 2913 218 2975 est
244 2913 277 2975 in
304 2911 365 2976 hac
391 2915 484 2995 parte
513 2910 711 2974 emendanda
734 2912 795 2975 nisi
820 2933 900 2976 occos
922 2935 944 2976 n
967 2914 1098 2998 naretulo,
1121 2916 1205 2981 unde

211 3032 257 3086 890

58 3112 126 3155 mco
148 3088 323 3172 cadomum
345 3088 490 3174 (tn)buto
513 3089 687 3154 enucleavi.

135 3271 163 3337 1)
183 3268 262 3333 Quod
286 3283 352 3320 vero
371 3283 396 3320 v.
416 3271 449 3319 82
473 3265 542 3318 milri
565 3265 630 3317 aute
653 3264 751 3317 ccirrdc
772 3264 919 3332 (incanuit)
944 3267 1080 3321 traditum
1104 3268 1205 3338 delevi,

60 3350 157 3405 nescio
176 3364 212 3401 an
231 3346 364 3401 adhibere
382 3343 485 3414 possim
506 3344 542 3397 ad
561 3342 759 3410 coniecturam,
780 3360 812 3396 ex
827 3361 882 3411 qua
900 3346 1024 3400 ialriuait
1041 3365 1093 3416 pro
1112 3350 1204 3403 larimo-

58 3432 103 3485 uit
123 3428 197 3496 dedi,
217 3430 249 3481 ut
265 3427 333 3480 milri
352 3442 384 3479 ex
409 3425 469 3477 inni
488 3423 629 3491 adscripto
654 3425 750 3475 natum
776 3424 820 3477 sit.
859 3425 996 3480 Similiter
1014 3446 1039 3483 v.
1060 3435 1111 3482 619
1131 3435 1154 3483 tc
1172 3447 1205 3483 us

60 3510 185 3580 syllabas
208 3508 238 3562 in
262 3507 316 3560 fine
339 3503 462 3558 adiectas
485 3504 527 3558 ita
545 3503 684 3571 explicare
703 3504 806 3570 possis,
826 3508 858 3559 ut
875 3512 902 3560 te
920 3509 955 3561 ad
974 3527 1000 3563 v.
1021 3515 1073 3563 orl
1092 3510 1203 3578 referas,

59 3590 109 3645 ubi
127 3589 186 3643 iam
206 3587 269 3641 Itali
288 3602 441 3655 pronomen
465 3583 644 3648 addiderunt,
669 3600 701 3635 us
725 3585 819 3637 autem
842 3585 903 3654 ipsc
923 3607 948 3642 v.
970 3596 1021 3642 619
1040 3591 1157 3645 odiosccs
1175 3591 1204 3644 in

57 3671 172 3726 odiosas
196 3666 359 3721 mutandum
384 3666 495 3734 poterat
518 3663 675 3730 designare:
705 3663 753 3716 sed
777 3664 910 3718 incertior
936 3670 980 3721 est
1003 3668 1086 3723 huius
1110 3686 1205 3723 versus

58 3802 219 3862 emendatio
239 3799 314 3869 (vide
334 3798 423 3866 iufra).
461 3796 586 3862 Denique
606 3813 631 3848 v.
652 3801 702 3848 827
723 3796 797 3864 quod
817 3800 894 3852 extat
912 3805 944 3851 ut
963 3753 1033 3854 idlae
1051 3802 1101 3868 (sic
1118 3803 1153 3867 B,
1173 3808 1204 3855 nt

56 3893 89 3942 tu
107 3887 180 3939 istuc
200 3881 279 3948 OD),
304 3877 352 3933 ubi
371 3883 401 3931 tu
419 3878 497 3931 nullo
516 3874 599 3929 modo
618 3875 683 3929 ferri
702 3878 802 3944 potest,
822 3878 939 3931 fortasse
959 3885 983 3932 tc
1001 3881 1095 3948 potius
1115 3882 1201 3935 valet:

56 3965 199 4020 namhoc
218 3979 299 4016 versu
318 3966 347 4014 te
364 3977 454 4028 penus
472 3975 522 4027 pro
541 3973 630 4025 penita
649 3958 726 4009 certa
744 3959 786 4010 est
804 3956 929 4026 Langeui
948 3960 1115 4013 emendatio.

131 4049 159 4111 2)
179 4042 267 4097 Valde
291 4041 391 4094 mirum
412 4042 455 4093 est
480 4037 637 4105 complures
662 4035 793 4090 hocloco
813 4037 935 4091 voluisse
954 4055 1012 4091 nec
1032 4070 1063 4077 —
1083 4040 1128 4093 reis
1146 4057 1203 4094 nec

56 4156 91 4166 -
104 4126 233 4195 postulas
252 4123 379 4189 scribere,
399 4119 476 4188 quasi
496 4135 557 4171 cunr
577 4116 728 4185 praecedat
745 4117 800 4169 scio
819 4118 886 4184 quid
904 4118 980 4183 aclis,
995 4121 1117 4186 postulcs
1136 4121 1202 4175 addi

53 4204 148 4276 possit
166 4204 233 4273 quid
251 4203 329 4266 nolit,
348 4216 404 4254 non
419 4199 548 4266 postulet!
875 4268 878 4274 Ι

132 4286 160 4351 3)
179 4283 284 4336 Eodem
300 4279 383 4335 modo
399 4279 515 4332 fortasse
527 4296 551 4330 v.
563 4282 616 4330 480
631 4278 776 4345 corruptus
790 4278 845 4329 eet:
865 4294 930 4330 nam
946 4282 990 4332 tas
1003 4281 1078 4333 recte
1096 4297 1202 4350 negans

52 4364 125 4420 ferri
144 4379 226 4433 posse
245 4360 430 4415 Buechelerus
450 4375 482 4412 ex
501 4358 638 4423 codicillus
657 4356 723 4411 fecit
742 4359 829 4423 intua
849 4358 898 4410 sed
917 4375 972 4410 uon
992 4358 1082 4413 miuus
1101 4360 1202 4429 proba-

52 4445 155 4500 biliter
173 4441 291 4512 cogitari
306 4443 400 4511 potest
413 4440 448 4493 de
466 4440 515 4492 abi
534 4442 601 4492 tu’s
620 4456 669 4507 pro
685 4439 733 4492 ubi
752 4442 797 4490 cst
816 4436 928 4490 ineunte
945 4456 1032 4492 versu.
1058 4440 1090 4493 V.
1106 4442 1201 4494 autem

52 4531 109 4581 535
130 4528 162 4578 tu
180 4522 380 4591 interpolatum
401 4537 433 4573 ex
448 4536 473 4571 v.
490 4526 540 4571 536
556 4518 667 4573 videtur
680 4519 858 4589 repetendum
874 4535 944 4587 esse,
963 4520 1010 4574 ubi
1026 4522 1134 4575 attolli
1152 4539 1201 4590 pro

52 4607 156 4661 attuli
175 4603 320 4670 exhibent3
339 4604 399 4655 tum
418 4601 499 4653 istam
519 4602 568 4653 aut
587 4601 622 4652 ad
641 4617 728 4653 ccccm
746 4598 870 4668 pertinet
887 4601 937 4652 aut
956 4599 990 4652 ad
1007 4602 1135 4668 perulam
1153 4601 1201 4655 ad-

52 4685 196 4756 scriptum
219 4687 261 4738 est
284 4685 326 4752 (ut
349 4700 373 4735 v.
396 4687 448 4734 290
472 4682 539 4734 istas
562 4680 598 4732 ad
622 4681 773 4747 tractabas
798 4679 883 4748 siml:
911 4696 1001 4747 neque
1026 4681 1099 4734 euim
1126 4684 1201 4735 recte

50 4769 138 4822 mam
167 4765 314 4819 servarunt
345 4760 473 4816 homiues
506 4760 581 4815 docti
617 4760 709 4813 deleto
733 4775 830 4829 puers,
860 4759 934 4829 quod
962 4761 1007 4813 vel
1035 4761 1201 4816 allitteratio

50 4848 160 4904 tuetur.
