2932 5452
631 755 838 815 cesarano
1243 787 1304 831 m

158 924 302 990 adridere
319 923 451 1007 factum,
475 944 547 988 cum
567 923 651 988 male
670 945 846 1007 proxumus
862 946 971 988 versus
990 926 1228 990 contaminatus
1247 929 1305 1011 est,

158 1032 435 1114 commissumque
475 1031 598 1095 inserta
636 1031 802 1112 blandeque
840 1033 978 1114 adloqui:
1025 1053 1101 1116 ergo
1144 1033 1231 1097 donn
1265 1068 1319 1114 ··:
1418 1108 1421 1113 ¹

157 1139 266 1202 ueniet
290 1136 456 1221 Plautina,
488 1139 568 1202 mole
596 1174 632 1185 —
665 1139 747 1220 loqui
776 1139 855 1202 item
879 1138 1020 1203 comicus
1040 1161 1161 1224 versus,
1183 1140 1304 1204 blonde-

157 1267 216 1329 ονε
233 1246 359 1328 odloqro'
381 1245 491 1309 miseri
514 1242 781 1328 interpolatoris?

247 1351 288 1419 V.
318 1353 383 1417 314
414 1351 544 1415 interim
576 1351 769 1416 servandum
803 1355 913 1416 censet
947 1353 1053 1416 iocum
1090 1352 1229 1418 fortasse
1266 1353 1304 1416 de

159 1458 284 1525 Graeco
307 1459 515 1524 translatum:

249 1565 361 1650 Neque
384 1567 468 1630 istuc
491 1565 682 1650 insegesti
705 1571 817 1651 tergo
841 1571 936 1650 coget
960 1588 1094 1632 examen
1116 1568 1203 1651 mali,

160 1672 232 1739 ‘nec
261 1694 358 1738 senex
385 1673 469 1737 istuc
498 1672 582 1755 quod
612 1674 727 1736 nuntio
761 1695 959 1757 consequens
986 1675 1048 1737 erit
1075 1696 1210 1738 examen
1237 1696 1305 1739 ver·

159 1780 274 1844 berum
298 1785 392 1864 coget
415 1783 506 1863 tergo
529 1779 616 1843 nudo
640 1779 775 1863 intecto,
805 1780 861 1844 sed
892 1781 926 1844 in
953 1781 1098 1866 publico,
1128 1782 1305 1866 segestrica

160 1890 250 1952 veste
282 1886 447 1950 involutus
485 1886 590 1969 qualis
630 1886 722 1951 decet
758 1887 896 1951 rusticos
928 1886 1112 1972 Plautinos,
1150 1890 1305 1968 διφθέραν

161 1995 338 2073 ἐνημμένος
375 1998 433 2057 cut
473 1992 583 2077 potius
626 1994 759 2071 ειεύροιε
796 1994 1118 2073 ἐγκεκορδυλημένος,
1159 1994 1308 2058 accedam

162 2101 204 2167 ad
220 2102 313 2166 illum
328 2104 419 2165 tutus
435 2100 476 2163 ab
491 2099 694 2163 incommodo
709 2100 806 2185 tergi:
820 2101 977 2182 insepastri
989 2099 1101 2163 fictum
1115 2105 1153 2164 ut
1168 2099 1308 2164 ‘investi'

160 2207 324 2273 ‘imberbi'
345 2203 519 2290 ‘implumi'
534 2206 583 2288 at,
602 2204 740 2270 forsitan
755 2229 794 2270 nc
808 2228 826 2269 r
839 2206 967 2289 quidem
982 2227 1113 2270 necesse
1129 2207 1173 2270 sit
1187 2206 1306 2271 inseri?

251 2313 289 2378 V.
310 2314 373 2377 531
383 2335 429 2396 sq.
453 2312 572 2376 iniuria
596 2334 647 2376 me
670 2312 858 2377 deturbasse
882 2313 970 2395 vidit,
995 2334 1076 2395 quae
1100 2313 1222 2397 optime
1245 2311 1306 2375 hae

161 2420 381 2504 explicatione
400 2418 614 2503 serventnr¹):
634 2419 738 2482 ‘miles
758 2421 786 2483 is
805 2425 831 2483 te
849 2421 936 2502 dono,
956 2419 1011 2483 scd
1031 2419 1089 2483 illa
1108 2422 1197 2483 tacet
1215 2418 1307 2502 quasi

160 2527 259 2591 nihili
287 2527 422 2607 faciens,
453 2526 564 2609 itaque
593 2525 686 2588 miles
715 2524 828 2588 adduci
859 2525 962 2607 iubet,
992 2524 1306 2589 collaudat‘donum

160 2657 256 2698 suum
276 2639 308 2698 et
326 2633 507 2717 praedicat3
530 2654 603 2696 cum
626 2632 685 2694 illa
704 2637 818 2715 pergat
841 2636 956 2714 tacere,
980 2632 1097 2695 iterum
1121 2631 1241 2715 ingerit
1258 2632 1308 2696 his

160 2745 189 2805 ie
211 2741 304 2805 dono:
327 2740 393 2802 iam
417 2738 475 2802 illa
499 2737 597 2802 etiam
621 2735 792 2801 irascitur?

251 2845 290 2911 V.
314 2846 378 2909 556
388 2867 434 2928 sq.
456 2844 624 2927 proponit:

206 2950 274 3028 Qus
289 2952 375 3016 bona
393 2974 453 3014 aua
471 2973 529 3033 pro
550 2951 690 3013 stercore
709 2947 810 3012 habet
829 2950 884 3032 <et
902 2949 987 3032 idm>
1003 2951 1090 3013 foras
1111 2947 1191 3013 ferri
1203 2950 1306 3014 iubet:

251 3056 370 3123 Metuit
393 3056 448 3141 pol
472 3079 511 3121 ne
535 3056 620 3139 apud
643 3077 702 3118 nos
725 3076 792 3118 non
814 3055 1071 3120 mdndissumvim
1095 3057 1147 3139 sit,

159 3164 328 3248 inquibus
349 3165 472 3228 incerta
492 3168 607 3244 cetera,
625 3164 710 3243 opud
726 3183 783 3226 nos
801 3161 873 3247 (pro
887 3160 1039 3247 publicos)
1054 3168 1178 3227 certum
1197 3163 1307 3228 habet.

252 3271 293 3336 V.
307 3268 404 3354 565²)
419 3270 649 3353 interpolatum
670 3290 738 3332 esse
759 3268 880 3333 indicat
894 3267 1106 3353 (adscriptum
1121 3271 1160 3335 ad
1175 3294 1203 3335 v.
1218 3268 1307 3357 563).

251 3377 292 3442 V.
308 3378 371 3442 603
381 3400 447 3462 sqq.
467 3398 577 3440 omnes
598 3377 820 3459 anapaesticos
840 3376 939 3439 habet
958 3375 1011 3461 (cf.
1032 3399 1129 3461 supra
1152 3402 1182 3462 p.
1196 3376 1305 3442 XXIX

160 3487 236 3552 adn.
247 3485 385 3569 2)‚u11de
396 3508 423 3549 v.
434 3486 499 3549 604
519 3483 601 3546 nihil
619 3483 683 3547 nisi
703 3484 860 3547 terbitnrnst
878 3487 993 3567 mutat,
1012 3485 1194 3568 insequenti
1214 3506 1307 3548 versu

160 3599 195 3659 tc
218 3594 334 3658 inserit
357 3589 448 3665 (isicio
474 3613 512 3655 oe
539 3596 572 3654 tn
594 3590 673 3653 ruiti
696 3591 856 3670 responsis.
875 3589 889 3659 i
908 3591 979 3655 loc:
1006 3593 1069 3657 non
1092 3613 1143 3673 opo
1167 3597 1194 3656 te
1213 3592 1238 3670 f.
1258 3590 1308 3676 fi),

160 3722 190 3765 ν.
205 3700 269 3763 607
288 3698 371 3761 idem
386 3719 563 3781 pronomen
577 3696 628 3759 bis
647 3695 741 3780 ponit
759 3693 849 3778 (perid
867 3696 922 3759 ru?
942 3702 974 3759 tu
993 3718 1070 3777 quor
1087 3698 1191 3762 (vrrsd's
1209 3698 1308 3762 aliern:

161 3807 311 3870 terliocrc
337 3826 444 3868 encore
470 3802 647 3867 lronrinctn?
668 3801 680 3870 t
703 3799 889 3885 indiderent),
917 3824 945 3864 v.
971 3804 1033 3865 (ill
1060 3826 1097 3865 ex
1120 3825 1178 3892 orl-e
1197 3805 1308 3868 hercles

159 3934 229 3977 non
251 3933 329 3993 qoroe
350 3912 421 3977 res?
450 3911 563 3993 efficit,
592 3909 647 3974 sed
670 3909 801 3989 nequam
824 3907 944 3971 lecrcle's
967 3907 1178 3992 Stratophani
1207 3911 1306 3972 conti-

160 4021 252 4100 nuat,
275 4040 304 4082 ν.
328 4020 392 4082 612
417 4018 463 4081 sic
487 4017 612 4081 scribit:

206 4123 281 4189 Eho
300 4128 346 4209 tc,
369 4124 471 4190 meon'
493 4124 602 4207 audes
625 4122 769 4206 inprobe,
793 4144 847 4186 ero
872 4122 954 4186 male
979 4119 1083 4185 dicere
1102 4123 1175 4187 fons
1195 4122 1255 4186 uiti
1274 4127 1307 4187 et

802 4220 939 4304 peiiuri‘?

238 4403 264 4469 1)
284 4401 354 4454 Item
377 4402 453 4456 recte
478 4398 588 4454 addidit
611 4414 786 4467 nequaqnam
809 4396 979 4450 haerendum
1003 4412 1062 4449 essa
1086 4396 1116 4448 in
1134 4395 1307 4464 domilSooe

159 4481 203 4535 sic
232 4481 385 4550 separatis,
419 4498 482 4534 cum
513 4479 717 4548 pronominalis
746 4477 885 4531 adiectiva
912 4477 972 4529 sola
998 4492 1016 4529 a
1042 4476 1223 4530 substantivis
1251 4476 1308 4530 suis

159 4560 348 4627 divellantur,
375 4562 432 4615 alia
457 4560 599 4615 adieetiva
627 4562 684 4616 lere
710 4560 787 4613 nulla
814 4558 1035 4628 (filiomsMeum
1060 4558 1121 4611 sim.
1145 4560 1189 4612 sat
1215 4575 1306 4627 saepe,

160 4643 255 4710 filium
260 4640 393 4710 silenum
411 4643 568 4708 nusquam).

237 4721 265 4788 2)
285 4719 318 4775 V.
343 4727 395 4776 578
424 4738 532 4776 mecum
561 4720 788 4786 communicavit,
818 4719 901 4774 fuisse
930 4719 979 4787 qni
1006 4721 1100 4774 uolens
1132 4735 1182 4788 pro
1215 4721 1307 4773 evaleat

163 4804 320 4860 coniceret:
348 4805 426 4858 ouius
453 4803 629 4858 coniecturae
647 4820 702 4856 non
722 4801 813 4855 malae
833 4804 974 4855 auctorem
994 4818 1048 4854 non
1067 4799 1146 4870 potui
1164 4799 1307 4869 indagare.

161 4885 295 4941 Fortasse
313 4884 374 4955 ipse
393 4884 460 4938 olim
479 4883 519 4939 sie
538 4882 705 4938 emendavit.
