2932 5452
241 348 305 411 124
736 346 870 402 PLAVTI
967 390 974 397 .
1202 348 1273 417 ve,
1293 353 1386 402 e-1e

238 512 323 577 Fieri
347 511 442 576 audio
467 533 603 596 usquam
627 510 742 596 uiduli,
766 511 860 594 quasi
884 512 959 595 pdlo
982 513 1094 596 peetus
1118 510 1235 575 tundit.
1316 526 1387 575 1290

754 630 866 686 Gnmve

238 723 318 790 Iulio
342 726 496 790 scelestus
520 721 605 789 liber
628 729 689 789 est:
713 745 775 810 ego
798 724 853 808 qui
875 721 910 788 in
933 723 1016 788 mari
1038 722 1194 808 prehendi

240 832 321 897 Rete
345 835 441 916 itque
466 832 575 914 excepi
599 829 758 914 nidulum,
781 831 809 894 ei
833 828 925 894 darei
945 831 1072 915 negatis
1097 827 1280 914 quidquem.

747 952 875 1006 dmum

239 1045 301 1110 Pro
325 1047 358 1109 di
381 1042 584 1123 inmortales,
608 1050 667 1108 sud
690 1043 771 1107 mihi
793 1043 847 1108 hie
870 1046 1018 1108 sermone
1043 1043 1163 1108 arrexit
1187 1043 1285 1108 auris.

239 1274 392 1340 Cubitum
417 1275 523 1339 hercle
546 1276 655 1359 longis
678 1181 957 1361 littegdtlignibo
980 1275 1047 1339 iem
1069 1277 1317 1360 usquequique:

240 1380 347 1466 Siquis
366 1380 543 1466 perdiderit
561 1380 706 1445 nidulum
726 1403 798 1446 eum
817 1404 895 1447 auro
911 1384 1006 1466 itque
1022 1387 1158 1467 argento
1172 1383 1288 1465 mullo,
1316 1397 1385 1446 1295

241 1488 293 1553 Ad
316 1485 454 1572 Gripum
477 1491 514 1552 ul
536 1487 655 1553 ueniat.
691 1488 757 1553 n6n
780 1489 890 1553 feretis
912 1487 1028 1572 istum,
1051 1491 1088 1553 ut
1110 1488 1293 1572 postulelis.

747 1629 812 1681 Len

240 1718 348 1783 Meum
367 1719 474 1784 hercle
494 1720 562 1784 illie
579 1719 677 1785 homo
696 1641 918 1784 uiduludideil
932 1720 988 1804 qui
1006 1720 1114 1804 hebet,
1133 1724 1169 1783 ul
1182 1740 1245 1805 ego
1260 1717 1393 1803 opinor.

756 1966 869 2021 Gmuvs

236 2056 319 2132 Quid
340 2079 391 2121 me
416 2056 503 2121 intro
526 2058 683 2122 reuoees‘l
717 2058 780 2122 hoc
802 2058 877 2122 uolo
896 2058 949 2123 hie
968 2061 1044 2123 ente
1062 2059 1182 2123 delium
1201 2061 1387 2142 extergere:

238 2163 323 2226 Num
342 2163 403 2228 hou
422 2161 551 2247 quidem
571 2163 626 2247 pol
647 2186 663 2228 e
682 2163 844 2249 robigine,
862 2187 929 2230 non
948 2167 999 2229 eet
1017 2187 1034 2229 e
1052 2164 1139 2229 ferro
1158 2165 1291 2249 idolum,
1317 2160 1387 2229 {300

238 2270 289 2334 ll‘a
313 2273 435 2355 quinto
459 2271 564 2354 magis
588 2273 750 2355 extdrge0‚
773 2271 907 2336 rutilum
931 2272 1028 2355 elque
1051 2271 1180 2335 tenuius
1203 2270 1250 2334 flu

235 2372 337 2460 (Nam
365 2375 427 2440 hoe
450 2374 578 2460 quidem
602 2381 832 2443 uenenaldmel
854 2400 980 2462 uerum,
1008 2379 1055 2443 ila
1077 2379 1112 2441 in
1135 2376 1286 2441 menibus
1311 2398 1382 2441 oon·

965 2484 1125 2568 senescit.)

746 2591 876 2643 Leueux

236 2660 448 2747 Adulescens,
473 2664 571 2728 salue.

753 2766 866 2821 Gumvs

558 2858 603 2922 lli
623 2863 656 2922 le
679 2863 788 2923 ament
812 2881 884 2922 eum
908 2859 1018 2923 inruiso
1042 2861 1155 2944 capite.

748 2980 876 3033 Lueuex

1147 3051 1229 3130 Quid
1255 3056 1314 3118 fit?

315 3192 543 3261 lllldlunditlos.
553 3192 897 3262 Teutiudpvdfflepffl.
918 3193 1019 3247 tundat
1029 3194 1094 3247 libri
1100 3193 1135 3262 (*)
1192 3195 1383 3264 welphum

237 3270 303 3324 DF
376 3279 452 3327 1292.
471 3277 547 3327 recle
568 3273 631 3328 Oet
650 3274 679 3327 D
697 3279 833 3327 auterno.
906 3273 932 3325 ei
952 3271 1030 3327 darei
1047 3273 1157 3342 negatis
1175 3274 1214 3326 D.
1243 3272 1271 3327 ei
1290 3273 1384 3328 darei

236 3352 346 3421 negatio
366 3352 395 3406 0.
424 3353 449 3406 ei
468 3353 533 3406 dure
553 3352 674 3423 inegetis
693 3354 729 3407 B.
759 3353 785 3406 ei
804 3353 871 3407 dere
890 3353 981 3419 (duret
1001 3355 1037 3421 Z)
1056 3353 1167 3421 negotis
1187 3352 1249 3406 FZ
1320 3353 1384 3420 quie

236 3448 320 3499 quam
339 3433 375 3486 B.
405 3433 554 3502 quicquum
572 3433 610 3502 (ic
629 3451 662 3487 ee
680 3434 698 3487 d
717 3435 756 3500 D)
775 3435 855 3487 celeri
869 3434 907 3503 (*)
962 3439 1039 3486 1293.
1059 3432 1099 3486 dii
1118 3432 1293 3488 immortales
1311 3435 1385 3501 libri,

236 3512 283 3566 au.
302 3531 338 3566 m.
358 3529 378 3566 e.
398 3531 421 3566 u.
441 3514 472 3566 D
579 3530 629 3567 ouo
649 3513 718 3566 mihi
737 3514 783 3566 hio
802 3513 829 3566 B
839 3554 848 3580 ,
867 3512 992 3584 Pylade.
1021 3529 1070 3566 suo
1090 3511 1137 3565 hic
1156 3512 1281 3566 GDFZ

239 3597 315 3646 1294.
336 3593 392 3647 iam
411 3593 446 3646 B.
466 3610 516 3649 um.
538 3593 660 3648 CDFZ
730 3610 817 3660 usque
837 3610 947 3661 queque
967 3592 1064 3646 BDF
1139 3597 1217 3647 1295.
1238 3595 1262 3647 si
1282 3595 1387 3662 quieG

311 3679 386 3727 1296.
407 3673 451 3725 Ad
471 3673 602 3741 grippum
622 3672 687 3726 ΕΖ.
717 3673 741 3724 Α
761 3674 870 3742 gripum
889 3673 925 3726 B.
955 3671 1102 3741 agrippum
1123 3671 1180 3725 OD
1262 3673 1286 3727 is
1305 3675 1338 3727 ul
1357 3674 1388 3727 F

312 3759 386 3807 1298.
407 3753 446 3805 dii
466 3752 497 3805 F
585 3768 670 3820 queso
690 3754 717 3807 B
810 3759 886 3806 1299.
907 3752 974 3817 Quit
993 3752 1020 3805 B
1103 3750 1227 3806 hostium
1249 3753 1308 3806 FZ

238 3840 315 3888 1300.
341 3831 485 3902 erobigine
509 3834 544 3888 B.
574 3832 718 3901 erubigiue
744 3832 800 3886 OF
820 3839 858 3898 el,
882 3850 953 3902 geu
971 3850 990 3885 n
1013 3837 1038 3886 et
1057 3837 1072 3885 S
1091 3848 1179 3901 supro
1198 3849 1243 3898 or,
1272 3834 1309 3886 D.
1343 3837 1386 3888 eet

235 3913 364 3982 rubigine
379 3914 405 3966 Z
423 3915 469 3983 (cf.
486 3913 621 3967 Placidus
637 3931 665 3982 p.
683 3917 726 3981 79,
741 3913 817 3980 5D.)
871 3930 926 3967 non
945 3915 988 3966 est
1006 3931 1020 3966 e
1040 3912 1112 3966 ferro
1131 3913 1238 3966 leolum
1257 3913 1384 3968 Bothiue.

237 4010 290 4046 non
311 4010 325 4045 e
344 3994 417 4046 ferro
438 3993 524 4060 (efero
545 3993 569 4047 0
575 3993 612 4046 D.
642 3993 726 4046 effero
745 3993 784 4062 Β)
803 3993 908 4046 fectum
928 3992 972 4044 est
990 3991 1095 4057 (luctui
1115 4008 1148 4046 ex
1166 3991 1237 4046 fecti
1251 3992 1305 4061 12¹)
1321 3993 1387 4047 lulum

239 4072 275 4139 (²⁸²)
349 4079 425 4126 1301.
446 4075 550 4141 quando
570 4074 659 4143 megin
679 4074 755 4127 Pius.
785 4072 881 4140 quanti
901 4069 992 4139 magis
1007 4069 1096 4123 Bul)
1115 4086 1128 4124 e
1146 4085 1215 4125 corr.
1236 4071 1302 4124 FZ.
1328 4090 1386 4127 ma·

237 4150 281 4218 gis
301 4152 398 4217 quanli
418 4154 446 4205 D
466 4160 529 4207 aulo
548 4171 617 4207 corr.
713 4155 856 4220 extergero
878 4151 907 4204 F
1003 4152 1104 4204 tonnus
1116 4150 1178 4204 μ1)“.·
1197 4167 1269 4205 corr.
1289 4152 1332 4205 D²
1351 4154 1387 4221 (ἢ

241 4236 316 4283 1302.
338 4231 423 4284 Hune
440 4250 465 4284 o.
484 4235 627 4287 ualuuavit
648 4234 764 4288 Gelidus
857 4231 930 4285 Num
949 4231 1001 4286 hoc
1020 4231 1132 4298 quidem
1151 4234 1324 4286 uenenatum
1344 4236 1388 4288 eol

237 4310 363 4363 Bellium.
393 4311 464 4363 Nam
489 4310 601 4379 quidem
626 4313 712 4381 (idem
730 4330 744 4366 e
762 4330 830 4367 corr.
850 4313 887 4375 Β)
911 4311 964 4366 hoe
983 4313 1151 4366 uenenutuet
1170 4313 1221 4381 (sic
1240 4312 1305 4367 uD.
1340 4331 1386 4367 ue-

240 4393 308 4444 nalu
328 4393 355 4443 sl
373 4390 439 4445 ΒΖ.
470 4394 618 4445 uenustuslz
637 4393 679 4460 F)
699 4395 765 4447 lilm'
818 4409 924 4459 uerum,
945 4411 972 4445 m
991 4409 1024 4446 ex
1043 4393 1067 4447 it
1083 4397 1115 4446 ul
1133 4393 1188 4447 vid.
1208 4409 1278 4447 corr.
1299 4393 1331 4447 D
1350 4396 1386 4462 (⁸)

318 4477 393 4524 1303.
414 4468 584 4526 Adolescens
604 4473 634 4526 F
704 4473 753 4528 GR
772 4489 821 4530 om.
842 4473 866 4528 C
883 4476 949 4543 (uou
968 4473 1007 4542 D)
1027 4474 1100 4528 luo.
1120 4473 1159 4528 iu.
1215 4471 1353 4544 Din)
