2932 5452
536 772 742 833 palasano
760 825 764 833 .
1114 800 1212 846 xxxm

62 941 164 1008 rant?
202 940 265 1018 Qui
284 963 380 1026 quam
403 961 499 1026 saepe
524 946 736 1007 correctorem
761 964 819 1026 pro
842 940 961 1007 Plauto
984 940 1125 1027 amplexi
1145 944 1212 1008 sint

63 1048 195 1114 litteras
225 1071 308 1133 quae
338 1049 493 1113 aliorsum
524 1052 673 1134 spectant
705 1049 851 1114 versibus
882 1048 1089 1114 emendandis
1121 1050 1211 1114 adhi-

62 1155 192 1240 bentes,
227 1159 260 1218 et
291 1178 390 1240 snpra
421 1175 652 1240 nonnunquam
687 1156 869 1239 significari
901 1159 934 1221 et
967 1156 1071 1220 multo
1105 1156 1210 1240 magis

62 1261 137 1345 ipse
163 1262 353 1345 perspicies,
382 1263 409 1326 si
438 1261 574 1345 singulis
603 1262 683 1326 locis
712 1261 954 1326 ohservationes
981 1265 1211 1349 nostraaucum

63 1373 225 1453 apparatu
252 1368 364 1433 critico
394 1369 576 1433 contuleris.
623 1368 774 1433 Ceterum
803 1369 843 1432 ad
867 1368 899 1432 id
923 1368 1076 1433 vitiorum
1100 1390 1211 1453 genus,

64 1475 152 1560 quod
184 1497 258 1540 cum
289 1476 429 1541 maxime
462 1475 624 1560 enarravi,
660 1476 734 1561 plus
767 1498 863 1560 quam
896 1475 1028 1540 solitam
1062 1476 1211 1541 accedere

62 1581 274 1647 librariorum
312 1583 553 1667 neglegentiam
598 1582 761 1648 inscitiam
799 1581 1017 1647 temeritatem
1062 1606 1128 1648 non
1162 1590 1213 1648 est

63 1689 150 1773 qnod
173 1689 277 1754 fusius
301 1712 467 1773 exponam.

154 1785 350 1879 Saepissime
373 1797 476 1881 igitur
499 1819 580 1880 quae
599 1797 650 1860 vel
674 1797 841 1880 paululum
862 1797 914 1860 vel
938 1797 1080 1862 multum
1104 1821 1122 1862 a
1145 1801 1210 1863 tra·

65 1901 143 1967 ditis
165 1902 285 1967 litteris
308 1903 430 1968 recedit
453 1907 509 1967 ant
532 1903 678 1967 recedere
702 1902 829 1967 videtur
853 1903 1050 1987 coniectura,
1078 1906 1210 1989 propius

64 2009 104 2075 ad
122 2012 266 2073 mentem
285 2030 481 2093 manumque
501 2007 669 2092 scriptoris
694 2009 843 2074 accedere
866 2014 984 2095 potest,
1008 2033 1105 2094 quam
1129 2033 1211 2096 quae

64 2119 200 2180 externa
223 2115 329 2199 specie
353 2114 456 2180 lenior
479 2115 531 2179 sit.
569 2112 763 2199 Saepissime
788 2136 883 2200 quem
908 2117 1024 2199 nugari
1044 2138 1081 2181 ac
1100 2115 1210 2182 ludere

63 2223 193 2306 putant,
216 2242 289 2285 cum
311 2221 359 2284 nil
382 2221 445 2285 nisi
470 2221 667 2286 sententiam
692 2225 842 2304 spectans
866 2222 988 2306 aliquid
1012 2224 1096 2307 quod
1116 2224 1209 2288 Plau·
1240 2290 1245 2299 ,

64 2332 116 2392 tus
136 2327 278 2392 scribere
297 2328 441 2410 potuerit
460 2327 733 2411 comminiscetur,
751 2327 779 2391 is
800 2329 907 2393 minus
926 2328 1019 2412 ludit,
1039 2351 1136 2414 quam
1155 2332 1211 2415 qui

63 2436 223 2501 librorum
243 2434 350 2500 ‘fidem
370 2439 403 2499 et
421 2433 660 2500 auctoritatem'
680 2435 930 2519 diligentissime
950 2442 1094 2502 servant:
1114 2458 1210 2520 quam

63 2546 214 2608 accurate
234 2542 415 2626 observare,
436 2565 501 2606 non
521 2543 614 2607 anxie
635 2564 763 2606 servare
783 2543 969 2607 criticorum
989 2544 1132 2609 officium
1153 2548 1211 2609 est.

63 2649 267 2734 Quamquam
295 2671 354 2713 nos
383 2650 583 2732 periculosae
612 2649 743 2732 plenum
772 2671 853 2732 opus
878 2650 968 2713 aleae
997 2650 1044 2713 sic
1072 2653 1210 2714 tractare

63 2757 136 2841 quis
160 2761 211 2820 est
234 2757 312 2840 quin
334 2756 466 2820 videat?
513 2756 603 2831 Quod
626 2759 736 2819 tamen
760 2760 816 2819 aut
839 2754 976 2836 fortiter,
1000 2758 1057 2818 aut
1080 2756 1210 2820 omnino

60 2884 130 2928 non
155 2863 262 2928 subire
285 2863 402 2927 debeas
425 2863 612 2945 periculum.

154 2968 275 3033 Verum
291 2970 377 3032 enim
392 2991 469 3057 vero
486 2991 548 3052 qno
564 2968 670 3032 minor
685 2968 719 3031 in
734 2967 793 3032 tali
812 2968 969 3031 librorum
980 2968 1137 3033 memoria
1146 2969 1210 3032 sin·

62 3076 215 3162 gularum
236 3076 417 3140 litterarum
437 3076 630 3139 ductuumve
645 3076 725 3139 fides
740 3080 803 3159 est,
823 3097 860 3138 eo
876 3076 980 3139 maior
995 3076 1103 3139 cantio
1119 3075 1210 3139 adhi-

62 3182 172 3247 benda
186 3187 244 3267 est,
259 3183 315 3247 nbi
330 3206 367 3246 ex
383 3182 575 3266 corruptelis
590 3182 628 3246 de
643 3181 881 3266 orthographia
896 3182 1077 3266 antiquiore
1088 3182 1210 3266 aliquid

61 3288 195 3353 haurire
205 3289 533 3354 voluerunthomines
548 3289 644 3371 docti,
654 3288 801 3372 quamvis
812 3310 923 3352 venrm
936 3289 980 3352 sit
996 3290 1063 3354 eius
1080 3294 1211 3353 autnon

59 3396 219 3480 pauciora
234 3400 290 3461 aut
306 3396 400 3479 plura
410 3397 549 3480 vestigia
564 3418 660 3480 quam
676 3400 801 3459 ceteras
816 3395 899 3460 hanc
914 3396 1052 3460 maxime
1067 3395 1212 3459 fabulam
1238 3404 1241 3409 ’

62 3502 245 3586 reliquisse.
277 3502 390 3587 Itaque
405 3503 511 3568 fateor
526 3524 577 3566 me
591 3504 625 3565 in
639 3502 690 3567 his
706 3504 802 3567 rebus
818 3526 858 3567 ne
873 3503 984 3567 amicis
996 3503 1125 3586 quidem
1141 3526 1211 3567 sua·

60 3608 215 3673 dentibus
237 3609 399 3674 interdum
425 3611 678 3692 obtemperasse:
705 3632 808 3692 pauca
831 3609 973 3693 adhibui,
996 3610 1149 3693 pleraque
1170 3631 1211 3674 111

61 3738 320 3783 commemorare
335 3717 463 3801 quidem
474 3716 572 3781 volni.
596 3715 688 3791 Quod
705 3737 761 3778 cur
774 3715 915 3797 fecerim,
930 3716 1041 3799 paucis
1058 3716 1211 3798 exemplis

59 3824 238 3907 explanare
254 3823 333 3887 mihi
348 3824 453 3888 liceat.
477 3823 708 3905 1111111508
724 3843 796 3885 cum
812 3843 870 3902 pro
884 3823 982 3901 spolio
997 3822 1115 3884 rettulit
1134 3822 1210 3885 libri

57 3931 212 4013 spoliaret
224 3932 300 3995 uelit
313 3930 460 4014 prodant,
479 3929 705 3992 Fleckeisenus
725 3927 802 3991 olim
817 3927 937 3989 retuleil
950 3926 1143 4007 scripturam
1159 3948 1210 3989 ex·

59 4037 204 4103 tricarit
237 4036 299 4101 Sed
318 4040 409 4120 patet
429 4035 513 4100 male
532 4035 713 4099 coniunctis
733 4033 965 4115 disiunctisque
985 4031 1120 4114 syllabis
1134 4035 1210 4115 post

56 4145 212 4230 spoliarat
229 4166 302 4208 cum
320 4145 380 4208 ertit
398 4143 531 4207 verbum
552 4148 658 4207 ortum
682 4145 775 4221 esset,
799 4139 966 4203 librarium
991 4137 1118 4201 demum
1137 4139 1212 4203 stelit

57 4251 243 4316 correxisse
264 4288 304 4297 —
324 4271 426 4333 neque
450 4250 536 4313 enim
560 4248 678 4314 Kochii
702 4249 867 4311 inventum
891 4248 1004 4308 notum
1028 4245 1144 4308 habuit
1159 4283 1210 4327 —‚

56 4362 102 4423 ut
123 4358 245 4422 retuleio
267 4356 307 4421 ad
330 4357 503 4440 pristinam
528 4356 716 4420 memoriam
740 4372 942 4437 nequaquam
965 4351 1099 4436 propius
1123 4373 1211 4415 acce·

55 4466 137 4547 dat,
176 4465 323 4547 quamvis
361 4465 466 4547 ipsum
500 4462 650 4526 Plautum
684 4463 729 4526 sic
766 4460 932 4543 scripsisse
969 4457 1122 4522 credibile
1159 4459 1211 4523 sit.

54 4572 104 4640 V.
128 4571 194 4635 249
219 4569 367 4636 Loewius
391 4593 430 4635 ex
454 4570 572 4634 vitiosa
596 4569 768 4633 transilierit
790 4566 894 4630 forma
917 4587 983 4628 nou
1005 4568 1072 4628 tam
1097 4566 1210 4630 trausi-

52 4682 124 4749 lacit
143 4700 241 4763 qnam
261 4676 710 4742 111111111111111111111111
735 4674 791 4738 sed
815 4673 895 4736 haec
919 4672 1102 4756 corruptela
1120 4695 1210 4736 num·

50 4787 118 4876 qui
140 4785 249 4849 differt
268 4809 288 4849 a
305 4787 429 4850 culcittis
451 4807 509 4867 pro
532 4785 643 4848 salietis
666 4782 788 4864 1249,
806 4777 1007 4866 perauctam
1029 4801 1088 4861 pro
1107 4781 1219 4861 pullu,

49 4899 129 4967 lam
151 4913 179 4955 v.
195 4890 272 4973 271,
293 4891 453 4955 scutarium
475 4911 534 4974 pro
552 4890 721 4955 1111111111.
736 4888 799 4953 368
816 4887 878 4954 al?
911 4885 1008 4950 Multi
1027 4885 1210 4968 ubicunque

114 5006 215 5047 Pnnvrr
230 5004 407 5045 'l'avcvaaanvs
984 5007 999 5044 ο
