2932 5452
156 313 208 369 XX
625 308 832 366 PRAEFATIO

161 480 273 561 aperto
297 498 326 540 r.
349 476 414 541 692
438 474 578 559 delectu,
601 476 656 560 qui
679 477 766 540 recto
789 474 830 539 ab
853 474 911 539 illo
935 474 1047 558 distat,
1071 475 1099 539 si
1123 497 1151 540 v.
1175 475 1243 540 690
1257 497 1304 559 sq.

161 583 325 669 longiores
348 582 520 666 bipertitos
544 582 645 647 fuisse
669 602 846 647 censemus.

248 689 373 755 ldodem
401 689 497 754 modo
527 688 613 754 aliud
638 689 897 773 supplementum
923 709 1029 752 meum
1052 692 1167 773 postea
1190 689 1306 754 confir·

159 797 240 862 mari
264 796 337 861 vidi.
369 794 500 860 ldtenim
523 819 551 860 v.
577 797 641 861 715
664 818 738 860 cum
762 794 819 860 alii
842 794 1085 879 transponendo
1109 796 1307 879 sanaverint,

160 903 239 968 mihi
263 903 365 968 satius
389 903 494 967 visum
518 906 568 968 est
590 902 722 986 reliquis
746 901 883 967 servatis
907 923 1017 967 vocem
1040 902 1074 966 in
1097 903 1160 966 fine
1180 901 1307 986 addere,

161 1011 314 1095 quonism
338 1032 366 1074 v.
392 1010 515 1094 llfisq.
540 1015 651 1091 aperte
675 1010 709 1073 in
733 1010 797 1074 fine
819 1009 926 1073 mutili
950 1013 1035 1075 sunt
1080 1008 1148 1074 Ism
1169 1031 1247 1075 vero
1269 1014 1308 1074 ut

160 1117 222 1181 hoo
250 1116 321 1181 loco
346 1138 427 1181 unus
452 1116 623 1180 intercedit
648 1137 713 1182 non
737 1119 920 1200 truncatus,
947 1117 994 1180 its
1017 1139 1045 1181 v.
1070 1116 1307 1181 698-70061

162 1246 189 1288 v.
215 1225 279 1289 702
308 1226 418 1288 carent
441 1223 628 1308 principiis,
658 1226 695 1288 ut
722 1246 751 1287 v.
774 1222 838 1287 699
851 1245 896 1309 sq.
924 1226 958 1287 et
981 1222 1045 1287 702
1071 1223 1205 1287 lacunas
1232 1244 1307 1288 con-

160 1351 258 1416 gruas
282 1330 469 1410 ostendant,
494 1330 600 1396 versui
623 1329 688 1395 698
712 1330 825 1414 plenus
850 1351 961 1395 versus
984 1329 1192 1414 respondeat,
1216 1330 1305 1395 cuius

161 1438 288 1502 litterae
301 1437 469 1521 pauciores
485 1438 662 1522 marginem
678 1437 856 1502 abscissum
872 1458 938 1502 non
953 1437 1129 1522 tetigerint,
1144 1437 1209 1501 nisi
1224 1437 1306 1501 forte

162 1543 240 1609 mibi
262 1544 296 1609 in
319 1545 382 1607 fine
407 1547 494 1608 recte
516 1544 595 1609 olim
620 1542 775 1627 additum,
797 1565 864 1609 non
882 1542 1038 1609 traditum
1061 1542 1168 1609 fuerit.
1206 1542 1306 1608 Inter-

160 1651 278 1716 oedunt
301 1655 408 1715 autem
434 1652 475 1715 14
494 1655 573 1734 sept
593 1650 696 1716 trooh.
716 1673 788 1715 cum
808 1672 923 1715 saonae
942 1650 1167 1737 inscriptione,
1190 1650 1305 1734 quibus

162 1758 330 1822 commode
353 1759 396 1823 20
420 1779 529 1823 versus
553 1757 674 1843 expleri
697 1760 858 1841 poterant.

250 1863 338 1928 Idem
362 1865 619 1948 septenariorum
642 1886 795 1929 numerus
819 1863 887 1929 sine
906 1865 1116 1949 inscriptione
1135 1865 1306 1931 intercedit

162 1971 385 2035 1111616724
409 1969 503 2034 initio
528 1968 728 2035 deficientem
751 1973 785 2034 et
808 1992 835 2034 v.
855 1970 918 2034 738
942 1973 1018 2034 ante
1037 1970 1134 2034 finem
1154 1969 1305 2036 dilacera·

161 2082 246 2142 tum:
279 2077 335 2141 ubi
368 2099 441 2142 cum
469 2076 522 2142 vix
554 2080 605 2141 tot
631 2098 744 2142 versus
772 2080 851 2160 quot
879 2076 1101 2141 desiderantur
1132 2077 1305 2163 bipertitos

162 2184 261 2249 fuisse
280 2183 487 2268 concesseris,
505 2184 623 2247 iterum
643 2183 705 2249 hac
724 2184 967 2267 computatione
982 2183 1148 2248 stabilitur
1167 2185 1307 2271 suspicio

163 2291 290 2356 aliunde
314 2294 489 2376 prognata,
513 2312 577 2376 qua
599 2295 675 2356 ante
695 2314 725 2355 v.
746 2291 810 2356 726
830 2291 978 2356 lacunam
998 2291 1099 2356 statui
1118 2313 1183 2357 uno
1203 2315 1308 2376 versu,

163 2399 290 2482 qualem
314 2398 452 2483 exempli
476 2419 574 2462 causa
601 2399 768 2482 proposui,
797 2397 936 2462 fortasse
970 2398 1115 2463 nondum
1138 2401 1308 2484 expletam.

162 2504 333 2570 Praeterea
365 2527 438 2569 oum
469 2505 636 2588 proximus
669 2504 767 2570 etism
796 2508 872 2588 post
899 2528 927 2570 v.
959 2506 1023 2571 724
1054 2527 1167 2570 versus
1201 2514 1309 2573 careat

163 2612 308 2695 exordio,
331 2616 444 2677 contra
466 2612 572 2676 versui
598 2611 661 2676 739
684 2610 766 2675 nihil
790 2611 900 2676 deesse
924 2611 1085 2696 videatur,
1109 2611 1175 2677 illic
1198 2614 1308 2680 nescio

164 2741 205 2782 an
227 2723 418 2784 cesenatem
441 2717 540 2782 verba
563 2739 602 2781 ex
626 2739 720 2783 versu
743 2718 947 2782 antecedenti
971 2719 1120 2802 suppletu
1144 2719 1219 2784 sint.

253 2824 436 2889 Planiorem
461 2824 559 2888 etiam
583 2824 777 2907 explicatum
802 2825 909 2909 habet,
933 2825 1017 2909 quod
1041 2847 1153 2890 versus
1174 2826 1239 2892 798
1259 2828 1309 2891 ds-

165 2933 319 2997 trimento
338 2931 420 2996 nihil
439 2931 628 3015 respondet:
652 2932 846 3015 praecedunt
864 2933 950 2996 enim
972 2933 1011 2997 18
1032 2933 1151 2997 senarii
1171 2957 1245 2999 cum
1264 2936 1310 2998 in·

165 3039 354 3122 scriptione,
377 3041 452 3102 ante
475 3060 572 3122 quum
591 3042 680 3103 totus
699 3061 811 3104 versus
830 3040 864 3103 in
878 3039 912 3104 B
918 3038 982 3104 01)
999 3039 1175 3104 intercidit:
1198 3041 1311 3125 itaque

166 3166 308 3229 congrua
330 3146 446 3209 laeuus
469 3149 526 3210 aut
549 3144 589 3209 ad
612 3145 831 3229 inscriptionis
855 3145 997 3229 spatium
1016 3146 1172 3231 pertinet,
1195 3148 1224 3211 si
1249 3147 1311 3211 duo

166 3273 276 3316 versus
301 3251 499 3335 complebat,
523 3255 579 3316 aut
603 3252 643 3316 ad
667 3273 795 3317 versum
820 3253 984 3317 omissum.

254 3355 434 3422 Manifesto
448 3358 527 3422 item
543 3357 716 3423 cohaerent
729 3359 832 3441 naevi,
845 3359 962 3442 quibus
978 3381 1006 3423 v.
1017 3360 1083 3424 930
1093 3362 1170 3443 post
1179 3360 1311 3426 initium

165 3469 198 3531 et
227 3488 254 3531 v.
277 3465 343 3530 945
371 3468 447 3529 ante
476 3466 574 3529 finem
605 3465 736 3530 voculae
765 3462 952 3551 (crozretro)
983 3465 1172 3531 obscuratae
1201 3469 1311 3551 potius

165 3596 262 3658 quarn
287 3593 420 3656 prorsus
440 3572 564 3637 deletae
589 3571 688 3636 fuisse
708 3572 856 3637 videntur
879 3573 912 3636 in
936 3573 1125 3657 archetypo:
1149 3596 1227 3637 uum
1246 3596 1311 3639 nou

165 3680 260 3744 modo
290 3680 380 3744 sedes
409 3679 664 3762 corruptelarum
693 3678 862 3763 oppositae
891 3684 979 3764 sunt,
1011 3679 1065 3745 sed
1100 3680 1200 3745 etiam
1230 3704 1311 3765 quae

165 3786 367 3852 intercedunt
390 3786 433 3850 20
458 3808 607 3851 versuum
630 3786 769 3871 paginae
794 3787 1000 3851 conveniunt.

254 3893 357 3957 Porro
382 3915 453 3957 cum
478 3893 613 3959 duorum
638 3915 789 3958 versuum
816 3893 956 3978 1065sq.
982 3894 1107 3958 defectu
1127 3916 1229 3959 unum
1249 3897 1312 3961 ssl-

167 4005 234 4063 tem
266 3999 428 4076 convenit,
463 4000 548 4082 quod
582 4000 636 4083 qui
669 4002 754 4065 iusto
787 4001 893 4083 spatio
926 4000 1113 4065 intermisso
1149 4002 1313 4066 antecedit

167 4128 195 4168 v.
212 4105 296 4168 1046
316 4108 418 4168 metro
438 4105 579 4169 deficiat:
604 4107 779 4190 quodcum
799 4107 854 4171 alii
870 4107 944 4170 aliis
964 4128 1075 4171 versus
1091 4108 1170 4172 locis
1187 4109 1312 4174 affectis

167 4211 393 4293 sustentariut,
425 4211 533 4276 hiatus
565 4217 672 4277 autem
705 4214 847 4278 fautores
881 4215 942 4279 sibi
973 4215 1081 4279 favere
1110 4214 1312 4297 credideriut,

167 4320 231 4382 iam
251 4316 432 4383 necessario
451 4319 484 4381 in
504 4340 614 4383 versus
634 4321 793 4405 principio
813 4320 956 4384 addendo
977 4343 1136 4406 curamus,
1154 4322 1211 4386 ubi
1225 4323 1312 4386 Molo
1339 4350 1348 4381 .-

166 4421 294 4514 (metuo)
328 4425 452 4507 scripsi.
504 4424 595 4502 Quod
623 4449 699 4493 vero
731 4427 821 4512 prior
853 4449 964 4491 versus
997 4426 1140 4515 (praetor
1167 4427 1348 4494 litteram1
