2932 5452
247 354 304 425 'xu
705 368 945 424 oausuomm

254 555 323 615 tum
356 573 421 615 non
455 571 566 614 (nurus
599 571 637 611 ex
660 544 793 611 Iuntina·
824 548 928 633 prima
955 547 1122 612 transiisse
1149 548 1249 613 etad
1273 546 1401 613 Nicolai

255 666 384 752 Angelii
408 688 500 730 euros
523 664 634 730 redire.

341 779 471 846 Nullius
494 781 580 864 libri,
604 779 659 844 sed
682 780 743 843 mei
768 779 907 844 nominis
931 782 1043 844 notam
1060 779 1293 845 modestiorem
1316 780 1403 845 volui

254 898 337 962 hano
360 904 391 958 'a
412 919 489 962 esse.
954 978 956 983 Ι

342 1012 594 1077 Emendationes
618 1034 715 1076 manu
740 1002 875 1096 seriptas
900 1009 1063 1096 Scaligeri,
1087 1009 1248 1094 Salmasii‚
1271 1010 1403 1077 Dousae

254 1128 375 1213 sumpsi
408 1151 447 1192 ex
479 1128 602 1211 aliquot
634 1127 868 1211 exemplaribus
897 1125 1118 1211 bybliothecae
1147 1125 1334 1211 Leidensis,
1365 1150 1403 1191 ex

255 1247 345 1327 parte
374 1243 470 1307 etiam
494 1242 673 1327 l'arisinae,
701 1266 782 1327 quae
806 1245 994 1307 enumerata
1015 1241 1116 1306 habes
1138 1240 1403 1328 Prolegomenon

253 1383 283 1444 p.
299 1373 358 1420 mv
372 1358 470 1443 inque
485 1359 740 1442 praefationibus
754 1357 951 1423 Baeehidnm
967 1381 996 1442 p.
1008 1371 1086 1443 vul,
1098 1356 1218 1424 Persae
1232 1381 1265 1443 p.
1276 1372 1341 1429 xm
1357 1380 1401 1443 sq.

253 1474 423 1540 lleiaianas
447 1496 513 1538 non
537 1496 656 1558 Isauros
679 1496 812 1538 numero
836 1472 984 1557 praebuit
1011 1473 1160 1538 editionis
1183 1472 1400 1541 Ernestianee

253 1590 433 1674 exemplum
461 1590 624 1673 quondam
646 1588 938 1673 Hermennianum,
966 1589 1055 1653 cuius
1082 1589 1161 1653 mibi
1190 1611 1287 1653 usum
1311 1589 1398 1654 Mau-

253 1704 323 1769 rieii
345 1703 481 1788 Hauptii
505 1705 659 1768 beneficio
684 1727 871 1770 eone-essum
894 1726 963 1770 esse
985 1705 1116 1769 narravi
1138 1705 1174 1769 in
1198 1704 1313 1769 eadem
1325 1704 1397 1770 Per-

255 1842 308 1884 sae
331 1819 532 1904 praefatione
556 1843 585 1903 p.
610 1837 646 1884 x1
671 1842 717 1904 sq.
741 1817 890 1885 Ceterum
912 1819 1022 1885 Roirio
1046 1820 1108 1884 etsi
1130 1824 1182 1885 sat
1204 1842 1304 1905 saepe
1327 1842 1397 1885 oum

254 1935 425 2000 Fra-naisso
454 1938 578 2019 tluyeto
607 1937 770 2018 convenit,
797 1939 906 2001 tamen
934 1958 1006 2000 oum
1029 1936 1122 2000 valde
1151 1935 1299 2002 dubitem
1321 1957 1397 2000 num

253 2050 350 2115 huius
376 2050 430 2114 ille
459 2072 551 2113 ouras
580 2052 727 2136 cognitas
754 2051 905 2116 habuerit
927 2048 975 2138 (id
999 2051 1084 2134 quod
1107 2050 1207 2116 etiam
1230 2051 1272 2115 de
1295 2050 1396 2115 Godo·

253 2165 345 2231 fredo
358 2164 547 2230 Hermanno
567 2166 688 2230 dietum
706 2163 806 2251 volo),
824 2166 859 2231 in
876 2166 996 2231 talibus
1019 2166 1207 2250 plerumque
1230 2166 1396 2251 utriusque

254 2302 373 2346 nomen
396 2280 485 2345 iuxta
507 2281 609 2364 posui.

342 2395 512 2460 Praeterea
539 2397 590 2460 vel
622 2398 862 2462 emendationes
889 2398 940 2462 vel
971 2397 1209 2463 admonitiones
1242 2399 1396 2482 quasdam

254 2510 455 2596 gratissimas
478 2516 511 2575 et
537 2535 623 2576 nunc
647 2512 747 2577 debeo
771 2516 804 2577 et
827 2513 904 2577 olim
926 2536 977 2577 me
1001 2512 1184 2577 debiturum
1207 2534 1304 2599 spero
1327 2537 1396 2600 pro-

255 2648 372 2710 pensae
392 2649 465 2690 omn
483 2627 518 2690 in
536 2649 586 2690 me
606 2632 674 2691 tum
693 2628 728 2691 in
740 2626 892 2693 Plautum
906 2628 1065 2693 voluntati
1080 2628 1261 2694 amicorum
1275 2628 1397 2695 Alfredi

254 2740 451 2805 l'leelreiseni
479 2741 683 2825 Dresdensis,
712 2744 841 2807 Ottonis
869 2743 1036 2807 Ribbeckii
1072 2743 1289 2819 Kiloniensis‚
1319 2744 1396 2810 Her-

256 2856 363 2919 manni
390 2855 530 2940 Adolphi
555 2857 670 2922 Koehii
694 2858 868 2923 l’ortensis.
