2932 5452
259 368 282 412 x
727 344 934 401 enarrarre

260 509 381 594 gratiae
411 512 496 573 esset
524 509 571 573 eis
599 508 801 592 temporibus
829 508 1030 591 habiturum,
1059 507 1177 593 quibus
1199 502 1411 592 impeditiora

259 615 459 680 canticorum
484 619 587 679 metra
610 637 741 698 prorsus
765 637 832 679 non
850 615 1015 679 intellecta
1038 637 1108 679 esse
1131 616 1181 679 vel
1205 614 1241 679 L.
1259 613 1409 680 Cornelii

259 720 414 786 Sisennae
438 722 584 805 exemplo
604 726 804 807 compertum
823 725 880 787 est.
919 721 966 786 De
986 723 1103 807 quibus
1121 722 1218 787 rebus
1237 721 1409 807 Parergon

225 832 227 837 ’
258 828 485 893 dissertatione
516 827 573 893 ΙΙΙ.
602 831 634 892 et
664 827 720 892 VI.
751 828 817 892 dixi
855 828 899 914 (p.
928 830 992 893 206
1017 851 1085 914 sqq.
1115 828 1180 893 375
1204 851 1274 913 sqq.
1303 828 1408 913 alibi).

257 935 401 1020 Eiusque
416 935 611 999 recensionis
626 934 787 1019 contagio,
803 935 829 998 si
846 934 922 1020 quid
937 935 1039 1017 video,
1053 935 1150 1000 etiam
1166 935 1207 999 ad
1221 936 1407 1020 proximam

258 1063 386 1106 scenam
416 1042 525 1126 aliqua
555 1063 593 1105 ex
626 1045 718 1124 parte
746 1041 917 1125 pertinuit,
949 1041 988 1106 de
1021 1042 1111 1106 cuius
1144 1041 1249 1107 turbis
1282 1042 1408 1127 aliquid

258 1148 438 1233 significavi
468 1153 578 1213 annot.
608 1149 647 1213 ad
671 1172 699 1211 v.
725 1150 780 1231 70,
809 1149 1000 1233 explicatius
1029 1148 1132 1214 dicere
1151 1146 1246 1214 ¹nunc
1269 1150 1408 1235 longum

258 1259 323 1340 est,
350 1260 438 1335 certo
466 1259 607 1319 statuere
635 1254 776 1320 difficile.
822 1253 949 1320 Eodem
978 1258 1104 1340 spectet
1132 1255 1217 1340 quod
1243 1255 1342 1340 tetigi
1366 1256 1408 1320 ad

258 1386 286 1427 v.
309 1365 373 1427 441
399 1386 467 1447 sqq.

347 1469 459 1535 Latius
493 1470 591 1534 etiam
623 1471 656 1533 in
694 1471 790 1533 aliam
828 1475 954 1553 partem
988 1472 1101 1551 patent
1131 1470 1212 1533 satis
1250 1471 1408 1555 antiquae

258 1574 503 1653 ὄιασκευάσεως
527 1577 673 1660 vestigia.
720 1576 813 1652 Quod
842 1577 927 1639 enim
951 1577 985 1638 in
1008 1577 1195 1640 nominibus
1219 1577 1409 1641 fabularum

256 1684 379 1747 factum
410 1688 472 1767 est,
502 1705 584 1767 quae
613 1688 738 1747 mutata
766 1706 835 1746 esse
865 1681 1099 1765 posterioribus
1123 1683 1326 1765 temporibus
1353 1684 1408 1746 do·

257 1790 308 1854 cui
331 1790 497 1873 Parergon
519 1790 548 1874 l,
572 1814 602 1873 p.
630 1792 700 1853 llil.
724 1791 788 1853 203
813 1812 894 1873 sqq,
924 1789 954 1852 id
984 1789 1025 1852 ad
1048 1809 1303 1873 personarum
1329 1812 1409 1873 quo-

257 1918 317 1980 que
355 1897 511 1961 nomina
552 1897 745 1980 pertinuisse
783 1897 879 1980 longe
904 1895 1172 1959 luculentissimo
1210 1902 1407 1980 argumento

257 2001 386 2067 Stichus
423 2006 473 2067 est
510 2002 671 2066 Plautina.
726 2003 764 2068 In
800 2025 864 2087 qua
901 2024 1046 2066 sororum
1085 2001 1220 2065 nomina
1255 2000 1408 2065 feruntur

256 2109 454 2174 Plancina
488 2113 521 2173 et
554 2110 741 2192 Prummu,
773 2109 866 2193 pueri
894 2109 1080 2173 Druncwn.
1132 2107 1234 2192 Atqui
1262 2129 1325 2172 nee
1348 2131 1409 2192 per

257 2238 291 2279 se
320 2215 531 2299 probabiliter
559 2218 679 2281 factum
704 2222 754 2280 est
781 2215 986 2280 Dinacium
1011 2237 1141 2279 nornen:
1165 2237 1234 2298 nec,
1258 2215 1408 2281 simodo

258 2323 377 2386 lactum
409 2318 465 2406 sit,
492 2322 621 2386 brevem
651 2323 692 2387 ab
721 2324 812 2387 initio
843 2322 1002 2406 syllabam
1025 2321 1211 2386 habiturum
1241 2321 1297 2404 sit,
1327 2338 1407 2406 qua-

257 2430 319 2491 lem
352 2429 480 2493 numeri
521 2430 689 2513 requirunt
727 2452 755 2493 v.
789 2430 862 2494 284.
896 2429 973 2512 334,
1008 2427 1234 2493 commendant
1269 2428 1408 2511 reliquis

255 2535 349 2600 locis:
378 2557 437 2599 nec
466 2535 507 2599 ab
530 2536 541 2598 i
583 2537 780 2600 amemoria
804 2536 960 2600 librorum
984 2535 1078 2599 fidem
1106 2534 1218 2616 habet,
1246 2555 1406 2619 cumpro

257 2641 314 2716 illo
338 2648 371 2706 et
393 2640 420 2705 A
448 2646 480 2705 et
502 2641 532 2706 B
589 2642 757 2705 inanium
782 2641 919 2706 formam
940 2642 1158 2723 substituant,
1182 2644 1218 2704 ut
1237 2641 1305 2703 suis
1325 2642 1407 2706 locis

256 2749 419 2812 annotavi.
467 2748 588 2824 Quodsi
620 2749 820 2812 Pinacium
849 2771 965 2812 nomen
995 2748 1058 2811 fuit
1081 2748 1184 2831 pueri,
1217 2749 1300 2812 sat-is
1325 2749 1406 2812 illud

192 2918 199 2931 ,
256 2877 327 2918 eum
356 2855 389 2916 in
418 2856 663 2938 grammaticum
691 2859 760 2919 tum
792 2857 824 2919 in
852 2878 1023 2939 personam
1048 2855 1255 2936 conveniens,
1281 2866 1406 2920 ‘conse-

255 2982 356 3043 quens
386 2964 436 3024 est
466 2983 532 3025 non
563 2985 631 3026 esse
660 2961 744 3026 idem
773 2985 889 3026 nomen
919 2962 1060 3026 eiusdem
1089 2961 1219 3026 fabulae
1248 2963 1307 3026 alii
1332 2986 1403 3046 per·

256 3089 354 3130 sonae
378 3067 469 3151 eique
493 3069 740 3134 honestissimae
765 3071 890 3133 mulieri
920 3093 940 3133 a
968 3073 1064 3153 poeta
1088 3069 1279 3152 impositum
1306 3070 1405 3155 longe

257 3173 465 3255 ineptissime.
515 3176 549 3238 ld
579 3177 680 3260 igitur
711 3199 783 3240 cnm
811 3199 850 3239 ne
879 3177 937 3240 fiat
964 3175 1091 3260 quidem
1120 3176 1152 3238 in
1183 3176 1404 3241 Ambrosiano

256 3281 380 3364 codice,
413 3282 466 3364 qui
498 3282 741 3366 Pamphilam
775 3284 861 3347 dieat
894 3305 992 3367 quam
1026 3282 1142 3365 reliqui
1176 3281 1252 3345 libri
1287 3283 1404 3346 Pina-

255 3388 366 3469 cium,
399 3389 506 3471 ecquis
540 3389 702 3453 dubitabit
735 3388 812 3473 quin
846 3394 931 3452 recte
964 3389 1044 3452 illud
1078 3411 1196 3452 nomen
1229 3388 1403 3454 Plautinae

255 3494 384 3582 quidem
414 3494 542 3557 fabulae
573 3496 788 3559 restituatur?
834 3495 932 3560 Cuius
963 3500 1070 3558 autem
1099 3494 1172 3557 libri
1203 3494 1238 3557 in
1269 3496 1404 3560 alterius

257 3602 386 3665 nomine
415 3601 558 3665 mulieris
592 3602 688 3665 fidem
718 3604 954 3688 perspeximuS,
987 3602 1171 3665 eiusdemne
1206 3601 1246 3666 de
1282 3604 1404 3668 sororis

258 3708 387 3771 nomine
416 3709 635 3772 testimonium
667 3709 870 3773 reiieiemus?
907 3714 942 3772 ut
970 3709 1025 3793 qni
1049 3731 1113 3772 non
1143 3708 1349 3775 PANEGYRIS
1374 3716 1404 3774 et

261 3814 430 3878 l'runorvu
461 3814 516 3877 sed
546 3815 753 3879 Prnnvnnul
782 3820 815 3879 et
843 3816 1026 3890 Plurima
1050 3815 1237 3880 nominibus
1263 3818 1401 3899 primam

257 3921 385 3983 fabulae
419 3944 548 3985 scenam
581 3923 744 3986 inscribat.
798 3923 870 3986 Non
904 3923 1062 3988 mehercle
1091 3923 1145 4008 qui
1174 3923 1286 4006 sapiat
1315 3925 1404 3988 dnbi-

258 4027 342 4088 tabit
370 4029 446 4109 quin
479 4030 558 4093 haec
589 4031 654 4093 sint
682 4052 754 4093 vere
783 4030 933 4093 Plautina
962 4031 1109 4111 nomina,
1142 4051 1199 4112 per
1229 4030 1404 4096 διασκευά-

260 4146 342 4205 σεως
370 4132 497 4197 demum
528 4139 730 4200 occasionem
759 4137 899 4219 expulsa.
946 4135 1043 4201 Cuius
1069 4133 1317 4214 niacuevdcsag
1341 4121 1403 4202 non

259 4243 309 4299 est
333 4238 450 4302 mirum
479 4245 636 4325 quaedam
670 4244 809 4328 vestigia
837 4267 908 4308 cum
941 4243 1096 4326 pristinae
1120 4243 1333 4329 illibataeque
1358 4248 1402 4309 fa-

260 4344 353 4408 bulae
384 4349 539 4411 memoria
568 4375 643 4414 casu
671 4352 828 4434 permista
856 4373 934 4414 esse.
984 4350 1072 4414 Haec
1100 4352 1184 4414 enim
1216 4373 1323 4415 novae
1358 4375 1403 4415 re-

259 4453 422 4516 censionis
445 4455 494 4518 vis
509 4455 571 4519 suit
585 4463 635 4538 ut,
661 4459 713 4542 qui
735 4459 768 4521 in
789 4480 901 4522 scenae
917 4458 1130 4540 inscriptione
1146 4457 1254 4521 Plauti
1272 4478 1400 4521 insanum
