2932 5452
478 689 482 695 ’
586 707 594 724 ’
635 709 841 768 enarrarre
1226 737 1309 779 xxxv

162 876 253 962 re(t),
281 875 347 942 204
373 875 539 959 expendi),
566 876 631 943 208
659 875 838 961 racanati),
865 876 931 942 290
957 873 1310 963 19119991(9191911999),

162 987 232 1051 424
259 983 416 1069 (iberum,
444 985 508 1049 427
537 985 706 1069 abstulid),
733 985 796 1050 531
825 985 918 1049 abisti
946 981 1019 1072 (pro
1046 981 1216 1069 91919191),
1244 983 1310 1050 585

162 1092 285 1176 9991),
308 1092 373 1157 ssa
392 1077 565 1177 999999),
589 1093 654 1158 999
672 1092 822 1176 inimi),
846 1090 1135 1176 9999999919
1155 1092 1231 1156 aius
1248 1090 1309 1175 ra),

165 1199 232 1264 726
258 1196 440 1284 (999999,
474 1198 538 1262 790
564 1198 689 1282 9999),
723 1199 785 1262 791
814 1196 971 1284 anesus),
1005 1184 1069 1262 79'4
1098 1197 1311 1282 (uum-805

162 1303 439 1389 filiot[o(t)]on(7),
457 1305 520 1369 837
541 1304 709 1389 (vrimede,
730 1304 794 1370 896
813 1304 990 1389 appensa),
1010 1305 1073 1369 898
1093 1302 1225 1389 (Dryon,
1244 1304 1309 1369 938
1423 1360 1433 1370 ,

164 1412 307 1496 debesa)
329 1409 404 1497 (pro
427 1410 525 1476 debes:
549 1411 621 1475 vide
645 1435 743 1497 supra
765 1436 794 1497 p.
818 1411 952 1496 XXIV).

254 1517 346 1583 Hsee
374 1517 520 1601 exempla
547 1519 667 1603 partim
695 1518 792 1583 aliam
820 1515 1100 1604 explicationem)
1130 1519 1310 1603 excipiunt:

166 1631 314 1692 attamen
337 1627 462 1689 restant
485 1647 566 1708 quae
589 1625 642 1689 vix
667 1625 763 1689 aliter
787 1626 952 1710 expedias,
975 1648 1072 1710 quam
1095 1630 1132 1690 ut
1155 1629 1311 1693 9119199-

167 1756 238 1799 mas
257 1752 441 1798 sermonum
460 1730 638 1796 interstitia
656 1754 714 1816 per
732 1731 887 1796 lineolam
906 1732 1091 1815 significata
1111 1755 1190 1819 9999,
1214 1755 1310 1818 quarn

167 1860 226 1926 pro
249 1839 323 1904 ize
343 1837 460 1903 litteris
484 1838 670 1924 sumpserit·
683 1838 845 1904 librarius.

259 1942 430 2031 Ceteroqui
460 1946 499 2009 de
523 1944 680 2010 eiusmodi
704 1945 926 2010 notationibus
952 1945 1097 2011 codicum
1119 1968 1186 2012 non
1207 1946 1312 2011 habco

168 2075 251 2140 quac
273 2051 443 2117 Ritschelii
467 2053 658 2118 commentis
682 2052 810 2135 addam,
838 2052 901 2117 nisi
929 2053 1014 2137 quod
1043 2077 1109 2119 una
1130 2077 1183 2119 res
1206 2055 1313 2139 singu-

168 2161 249 2226 laris
273 2162 383 2224 restat.
424 2159 556 2224 Etenim
581 2160 770 2243 99111,1,1
797 2159 839 2244 (v.
858 2159 938 2243 210)
963 2159 1154 2244 Spengelius
1178 2158 1312 2224 adnota-

168 2286 230 2351 vn:
260 2267 311 2351 19
325 2285 384 2350 na
400 2285 441 2349 u
459 2285 500 2348 a
514 2285 561 2362 s,
586 2307 659 2349 cum
684 2266 735 2349 Vr
750 2283 830 2348 99
850 2283 889 2348 ad
909 2267 1238 2352 ZASTRAPHIVO
1258 2286 1311 2350 au-

168 2391 375 2457 scribendum
403 2391 513 2456 fuerit:
546 2413 620 2455 narn
652 2391 835 2455 rubricator
863 2391 1008 2476 scripsit,
1041 2392 1093 2475 qui
1122 2390 1313 2457 ZASTRA-
1424 2420 1429 2431 ·

168 2497 325 2583 PHIVO·
348 2514 525 2599 adplicavit
543 2515 650 2578 versui
669 2515 874 2598 praecedenti
895 2512 934 2600 (1,
949 2516 978 2599 2,
996 2516 1058 2580 1011
1070 2546 1111 2569 =
1122 2514 1213 2603 209).
1245 2515 1314 2581 Iam

170 2642 249 2727 quid
272 2641 335 2706 sibi
354 2639 433 2703 velit
462 2619 512 2703 771
530 2660 625 2703 nemo
644 2639 725 2703 dixit
748 2661 851 2722 neque
875 2639 979 2703 dicere
1002 2640 1118 2724 potuit,
1142 2646 1315 2727 antequam

169 2747 320 2813 Loewius
344 2750 535 2832 agnosceret
558 2769 622 2810 non
645 2750 714 2810 tam
738 2746 762 2808 I
781 2749 904 2829 extare,
928 2769 1025 2829 quarn
1049 2748 1210 2832 lineolam,
1235 2771 1315 2833 quae

169 2855 285 2921 eodem
308 2853 377 2918 iure
401 2875 459 2936 pro
478 2855 491 2916 i
509 2855 565 2917 eut
588 2854 599 2916 7
621 2852 735 2916 haberi
759 2852 870 2935 possit.
916 2853 1008 2928 Quod
1032 2854 1088 2918 ubi
1113 2854 1228 2939 audivi,
1253 2860 1316 2919 sta-

167 2961 232 3028 tim
261 2960 296 3024 in
324 2964 464 3025 mentem
492 2959 581 3023 venit
608 2960 642 3022 in
666 2958 856 3023 Trinummo
886 2958 1022 3023 eundem
1049 2961 1083 3024 B
1112 2960 1255 3025 codicem
1283 2960 1324 3023 in

167 3069 236 3132 fine
265 3088 398 3132 scaenae
424 3066 471 3151 ΙΙ,
493 3070 509 3130 1
538 3066 759 3149 subscriptum
783 3067 902 3131 habers
926 3063 1011 3151 11⁶2),
1041 3067 1097 3131 ubi
1120 3066 1315 3143 Ritscbelius

168 3173 263 3262 (edit
277 3172 309 3237 11
328 3196 358 3257 p.
372 3170 478 3258 LXV)
497 3172 771 3255 computationem
791 3164 1064 3237 stichometri'canr
1085 3173 1231 3238 relictam
1247 3196 1316 3239 9999

168 3281 320 3364 coniecit,
344 3302 382 3344 ex
406 3302 470 3363 qua
494 3280 665 3362 sexaginta
688 3302 801 3344 versus
826 3280 985 3344 canticum
1011 3279 1090 3344 illud
1114 3282 1316 3364 complexum

168 3389 230 3453 sit:
264 3408 367 3471 neque
390 3391 501 3451 tamen
525 3386 656 3449 reticuit
677 3386 888 3470 111199191199,
916 3387 993 3472 quid
1018 3385 1223 3451 9991911919
1246 3409 1317 3453 oon·

166 3495 324 3559 tecturae.
369 3493 437 3558 Iam
466 3514 541 3557 vero
571 3514 642 3556 cum
673 3494 807 3557 alterius
832 3494 948 3559 cantici
973 3494 1154 3578 exemplum
1178 3494 1318 3577 accedat,

167 3602 226 3668 cni
249 3623 401 3666 numerus
425 3622 497 3665 cum
518 3601 528 3663 1
546 3600 657 3663 littera
681 3600 861 3683 adscriptus
885 3602 937 3682 sit,
959 3623 1062 3684 neque
1081 3601 1120 3664 de
1138 3602 1168 3664 L
1185 3622 1317 3665 numero

168 3730 212 3773 ex
243 3707 370 3771 litterae
398 3707 612 3772 collocatione
642 3706 743 3770 altero
768 3706 838 3770 loco
863 3707 999 3789 eogitari
1023 3708 1141 3789 possit,
1172 3708 1237 3770 alia
1259 3708 1330 3771 cir·'

168 3814 416 3898 cumspicienda
444 3818 494 3877 est
522 3813 619 3895 ratio,
647 3834 683 3875 ex
712 3834 774 3895 qua
803 3816 975 3895 utrumque
1000 3813 1182 3895 explicetur.
1230 3812 1318 3887 Quae

169 3925 294 4005 sponte
317 3944 386 3985 9999
412 3922 513 3986 offert.
541 3920 688 4002 Namque
712 3919 955 3982 celeberrimum
975 3918 1055 3981 illud
1076 3923 1261 4000 excerptum
1280 3918 1319 3982 de

167 4029 274 4110 notis,
297 4028 381 4112 quod
406 4032 480 4111 post
502 4028 584 4092 91199
603 4025 883 4090 Reifferscheidius
907 4023 1009 4087 edidit
1028 4025 1061 4086 in
1081 4021 1228 4086 Suetonii
1247 4024 1318 4086 reli·

168 4135 262 4221 quiis
285 4157 316 4218 p.
338 4135 398 4199 137
416 4157 493 4219 sqq,
515 4135 595 4199 haec
620 4134 725 4198 docet:

250 4286 277 4352 1)
296 4284 370 4338 Nam
392 4283 464 4338 talia
487 4283 566 4337 velut
587 4284 686 4337 babent
709 4299 758 4351 pro
782 4283 882 4347 habea,
910 4281 1023 4334 abstulit
1051 4296 1102 4349 pro
1129 4280 1239 4346 abstuti,
1259 4279 1318 4335 sim.

164 4381 260 4435 saepe
289 4362 454 4433 simpliciter
482 4365 600 4433 peccant
627 4362 746 4428 librarii3
776 4363 840 4416 dein
867 4360 1024 4424 trobeidem,
1054 4360 1153 4412 dicistc
1188 4358 1252 4412 indo
1276 4377 1320 4414 er-

164 4444 278 4518 plicari
301 4448 431 4514 possunt,
454 4445 528 4512 quod
552 4443 719 4513 pronomina
737 4444 809 4497 malo
828 4439 1012 4495 inculcaverit
1029 4439 1172 4504 librarius;
1201 4439 1321 4508 denique

161 4526 312 4594 recipisti,
337 4526 465 4591 amicust,
483 4526 583 4579 debeisi
601 4542 635 4578 er
654 4524 819 4577 correcturis
838 4521 964 4591 potuisse
982 4518 1231 4589 procrearisupra
1250 4519 1321 4574 indi-

160 4605 253 4663 cavi:
280 4606 365 4672 atque
390 4604 476 4658 etiam
500 4606 601 4657 icenseo
625 4620 657 4657 9ο
677 4620 756 4657 versu
776 4606 865 4669 extat,
886 4601 934 4671 qui
952 4603 1013 4667 lteri
1031 4617 1080 4670 pro
1099 4602 1160 4668 fieri
1179 4601 1319 4670 praebeat.

249 4687 277 4753 2)
297 4683 339 4737 De
362 4683 415 4737 hac
437 4681 640 4752 subscriptione
666 4698 746 4735 nemo
771 4701 834 4737 cum
854 4682 1003 4751 Spengelio
1027 4682 1170 4736 dubitabit
1192 4686 1256 4752 post
1279 4700 1321 4750 ea,

156 4781 249 4842 qnae
273 4763 401 4818 Loewius
424 4763 452 4818 in
481 4761 653 4818 Fleckeiseni
677 4779 740 4818 ann.
765 4766 784 4818 t.
809 4761 869 4818 CXI
893 4765 928 4832 (a.
955 4766 1033 4831 1875)
1063 4781 1089 4832 p.
1115 4768 1166 4818 926
1182 4781 1223 4833 sq.
1248 4780 1321 4818 com-
1385 4766 1389 4772 ’

156 4843 341 4910 manicavit.

1076 4930 1111 4986 ο*
