2932 5452
155 387 273 428 mvm
623 355 829 412 PRAEFATIO

156 523 290 608 Bergkii
318 523 356 587 de
380 520 581 586 Strabaeis
609 521 739 586 nomine
770 542 912 586 errorem
934 520 1056 586 iterum
1079 518 1231 612 refellam
1251 518 1300 607 (i.

157 629 268 696 ‘Amal
292 628 410 695 Plaut'
433 652 463 713 p.
489 631 530 694 16
554 629 625 694 adn.
648 627 717 715 32).

246 736 316 801 Iam
340 736 543 801 Diniarchi
565 758 684 801 nomen
707 758 765 820 pro
784 735 949 801 Dinareho
969 735 1140 801 tralaticio
1160 732 1301 801 Riecte

159 845 239 908 lium
266 844 448 913 restituisse
475 846 589 906 notum
619 846 668 907 est
697 841 751 928 (cf.
775 841 892 927 Opuso.
914 842 994 927 phil.
1015 841 1069 907 ΠΙ
1091 865 1124 927 p.
1148 841 1242 929 343),
1264 842 1300 907 de

160 951 250 1015 cuius
278 950 401 1014 formae
431 949 556 1013 ratione
584 947 716 1033 ‘parum
743 970 822 1014 sane
852 949 1015 1034 expedita’
1040 971 1117 1015 cum
1146 949 1213 1015 elio
1234 948 1300 1015 loco

160 1056 237 1141 quid
271 1056 315 1121 sit
342 1055 549 1119 statuendum
581 1054 685 1120 dicere
715 1056 826 1141 vellet,
852 1079 956 1141 neque
984 1060 1100 1122 nactus
1129 1059 1182 1123 est
1202 1056 1298 1123 locum

159 1186 263 1247 neque
286 1163 321 1226 in
344 1162 471 1227 schedis
496 1162 667 1247 quiequam
691 1163 831 1248 reliquit.
876 1161 939 1229 Sed
961 1168 1092 1248 partem
1116 1164 1187 1229 veri
1208 1161 1299 1249 Berg-

159 1271 232 1334 lrius
260 1269 343 1334 dixit
370 1269 390 1332 l.
414 1291 438 1333 s.
463 1292 486 1333 s.
509 1294 540 1354 p.
566 1269 643 1333 120:
672 1270 720 1335 ita
747 1269 900 1335 Plautum
926 1292 1048 1335 nomen
1078 1258 1316 1356 componeres

161 1382 197 1440 ut
216 1376 347 1441 Δεινίας
367 1399 438 1440 eum
460 1376 641 1455 Δείναρχος
661 1376 881 1441 confunderet.
907 1375 1023 1461 Neque
1041 1380 1157 1443 tamen
1174 1376 1298 1443 Plautm

161 1484 223 1547 hoc
247 1482 457 1566 instituisset,
480 1482 543 1545 nisi
568 1481 720 1568 analogia
742 1482 881 1547 nominis
906 1483 1106 1563 Καλλίαρχος
1129 1484 1229 1548 menti
1249 1482 1296 1549 ob·

160 1594 289 1654 versata
313 1594 416 1654 esset:
440 1594 538 1673 atque
562 1588 685 1653 Gallias
710 1592 743 1652 et
765 1587 879 1653 Dinias
903 1589 1036 1653 nomina
1060 1588 1161 1654 etiam
1183 1589 1242 1655 heo
1266 1613 1295 1654 re

162 1697 382 1779 continentur,
411 1695 497 1780 quod
527 1698 698 1779 utrumque
722 1693 771 1758 ‘s'
795 1695 923 1759 finalem
951 1696 1073 1762 retinet
1091 1731 1139 1742 —
1156 1697 1190 1761 in
1209 1694 1294 1761 vidu-

162 1804 245 1868 laria
266 1804 337 1888 hoo,
361 1802 440 1869 illud
464 1803 499 1868 in
516 1802 707 1866 Trinummo
724 1838 774 1885 -,
797 1824 869 1868 cum
893 1799 1009 1886 Clinia,
1032 1800 1168 1889 Demea,
1189 1802 1292 1889 Hegea,

162 1908 316 1992 Leonida,
340 1909 406 1974 alia
429 1910 591 1974 omittant.

250 2015 351 2079 Plura
375 2021 451 2081 sunt
473 2039 555 2100 quae
579 2015 617 2081 de
641 2013 805 2081 Strabonis
829 2038 922 2081 servo
946 2016 1062 2082 dicam.
1095 2016 1146 2082 Ae
1168 2017 1290 2101 primun

162 2121 292 2207 (pridem
315 2122 434 2187 Bothio
463 2122 655 2187 vindicanda
683 2127 734 2187 est
761 2124 831 2187 laus
859 2122 1000 2187 nominis
1024 2123 1185 2208 restituti,
1210 2145 1289 2209 quam

162 2228 302 2312 Bergkio
326 2229 485 2293 tribuunt.
494 2228 519 2313 1)
564 2228 623 2293 Ille
648 2230 732 2293 enim
758 2230 792 2293 in
815 2228 954 2293 editione
979 2252 1044 2314 qua
1067 2252 1088 2295 a
1106 2228 1290 2297 Mnoccxl

162 2334 357 2400 Pseudolum
386 2335 567 2399 Rudentem
598 2334 829 2399 Truculentum
862 2336 1048 2419 complexus
1078 2335 1162 2424 est¹)
1185 2362 1214 2423 p.
1242 2337 1288 2402 133

162 2442 242 2507 haec
266 2442 445 2507 adnotavit:
478 2439 790 2505 ‘STRATYLLAX
813 2440 917 2505 Libri:
946 2440 1119 2527 Strutilox,
1147 2442 1226 2528 quod
1245 2463 1286 2507 no

163 2572 238 2614 men
262 2542 452 2614 inusitatum
477 2552 535 2612 est.
568 2546 632 2612 cie.
656 2548 762 2631 Epist.
786 2547 826 2613 ad
849 2548 917 2612 Att.
945 2549 999 2632 16,
1030 2550 1072 2613 15
1097 2549 1137 2614 de
1154 2549 1288 2615 Antonio:

163 2656 276 2737 Leptae
309 2658 481 2720 litterarum
513 2654 683 2735 exanpaa
715 2654 771 2718 titi
801 2655 889 2737 misi,
922 2675 960 2718 ec
989 2676 1050 2737 quo
1083 2656 1162 2721 milri
1192 2656 1287 2721 addetur

164 2765 357 2839 ςτρατύλλαξ
383 2763 432 2826 illc
455 2762 584 2824 deiectus
606 2763 642 2823 dc
656 2763 767 2844 arada,
791 2762 845 2825 ubi
865 2760 982 2826 Bosius
1002 2764 1183 2847 annotavit,
1205 2781 1285 2842 ςτροτ.

164 2889 232 2931 esse
257 2868 501 2950 deminutivum,
524 2871 560 2930 ut
584 2869 671 2950 νέαξ,
696 2867 849 2946 πλούταξ,
874 2873 967 2931 etex
992 2869 1108 2934 eodem
1132 2870 1218 2935 fonte
1236 2891 1285 2932 ma·

164 2996 258 3037 nasso
289 2976 432 3038 mulieris
461 2998 577 3039 nomen
607 2977 796 3054 (τρατυλλλς
825 2976 907 3059 aliud
937 2958 1191 3060 Aristophanem
1216 2975 1285 3060 Lysi·

165 3086 276 3146 strata.
327 3080 455 3146 Scilicet
479 3105 498 3145 a
522 3084 653 3160 ςτρατὸς
676 3081 863 3146 derivantur
891 3083 1078 3162 ςτρατύλος,
1110 3086 1287 3164 ςτράτυλλοί,

164 3189 371 3266 ςτρατύλλαξ,
403 3190 486 3253 sieut
515 3190 556 3252 ab
586 3187 693 3266 αῑςχος
717 3190 882 3267 Αἰςχύλος,
912 3211 931 3252 a
959 3191 1047 3267 μικὸς
1083 3190 1216 3275 (utenda)
1245 3192 1288 3255 Μι·

165 3297 272 3373 κύλος,
302 3297 477 3373 Μίκυλλος,
507 3319 525 3359 a
550 3297 646 3375 βαθύς
672 3295 849 3371 Βάθυλλος,
878 3319 897 3358 a
925 3296 1010 3374 φάος
1034 3297 1194 3383 Φάϋλλοςι.
1237 3304 1290 3371 Quo

164 3402 328 3483 pertinent
356 3403 454 3466 etiam
485 3401 684 3465 ‹leminutiva
708 3402 817 3484 qualia
841 3406 916 3465 sunt
941 3403 1117 3483 εἰδύλλιον,
1146 3405 1291 3484 μειρακύλ-

165 3513 243 3573 λιον.
288 3509 351 3573 Εολ
374 3510 474 3593 igitur
498 3509 691 3586 ςτρατύλλαξ
712 3530 853 3593 pufflaua,
883 3510 1046 3594 deliciosus,
1072 3512 1204 3595 qualem
1225 3512 1294 3574 hune

165 3639 292 3680 servum
326 3618 403 3680 facit
427 3614 596 3680 Comicus?
648 3615 716 3677 lam
749 3637 821 3679 cunr
853 3624 1027 3698 praeeunte
1062 3624 1096 3683 et
1128 3619 1246 3685 Bothio
1274 3630 1297 3680 et

252 3775 261 3837 λ
282 3774 321 3826 Cf.
342 3773 476 3842 Bergkius
496 3773 524 3826 in
543 3773 638 3825 Diurn.
654 3775 711 3826 ant.
728 3790 751 3828 a.
769 3778 838 3826 1848
852 3792 878 3842 p.
896 3780 963 3828 liae
978 3777 1006 3828 et
1021 3775 1198 3833 Bitschelins
1214 3780 1300 3849 Opuse.

164 3851 232 3919 phil.
252 3852 291 3906 lll
310 3872 336 3921 p.
357 3860 407 3905 342
420 3872 459 3920 sq.

235 3936 262 3999 2)
282 3933 360 3986 llanc
384 3932 574 3986 recensionem
598 3931 684 3985 etiam
708 3931 771 3984 aliis
790 3931 859 3986 locis
877 3932 977 3986 iniuria
996 3934 1163 4002 neglectam
1185 3958 1244 3995 esee
1261 3957 1306 3993 nou

165 4028 219 4062 una
242 4011 346 4081 pagina
371 4010 502 4066 editionis
525 4028 604 4065 meae
630 4011 767 4077 ostendit,
790 4010 843 4064 etsi
868 4028 930 4066 raro
954 4012 1082 4073 indicavi
1106 4020 1180 4086 quid
1204 4040 1238 4075 ex
1260 4021 1308 4082 illa,

166 4089 232 4155 quid
252 4109 285 4144 cx
303 4093 365 4144 aliis
384 4092 541 4160 petiverim.
579 4093 637 4144 Hoc
652 4092 715 4144 loeo
729 4091 809 4145 lubet
823 4092 1033 4147 adnotationem
1048 4097 1086 4151 de
1104 4099 1307 4156 ‘umbmtieola‘

165 4167 299 4235 subicere,
318 4189 402 4238 quani
422 4172 457 4224 ad
479 4192 501 4226 v.
519 4179 568 4224 611
590 4170 712 4224 indicavi
733 4176 768 4239 (p.
791 4175 866 4240 148):
889 4172 992 4226 ‘lllSS.:
1021 4175 1245 4237 Vmbraticoluuv
1262 4183 1279 4236 i.
1293 4199 1311 4233 e.

166 4245 389 4303 Vmbraticulum
409 4268 426 4303 a
444 4251 589 4319 primitivo
605 4251 792 4318 Vmbraticus,
812 4254 886 4320 quod
900 4256 981 4308 sonat
1000 4256 1151 4316 hominem
1173 4264 1204 4318 in
1224 4265 1313 4318 umbra

164 4325 311 4378 educatum
341 4346 372 4381 ac
401 4330 539 4383 viventem
572 4330 660 4397 dorni,
688 4348 744 4384 non
772 4331 838 4385 soris
866 4333 895 4386 in
918 4334 976 4388 sole
1000 4339 1030 4389 et
1055 4340 1197 4409 pulvere,
1222 4348 1254 4398 nt
1272 4342 1314 4397 viri

164 4405 282 4472 strenui,
308 4408 472 4473 praesertim
496 4410 640 4464 militares.
684 4410 761 4463 Talis
785 4415 826 4465 est
851 4410 900 4466 ille
923 4412 1039 4482 Sybaris
1071 4421 1153 4489 apud
1179 4424 1249 4480 Hor.
1273 4424 1315 4478 oa

165 4491 189 4551 1,
209 4489 233 4538 8.
253 4483 392 4555 Analogia
412 4491 488 4541 carot
506 4489 651 4557 vulgatum
677 4490 908 4545 Vmbraticolom.'
