<?xml version="1.0" encoding="UTF-8"?>
<!DOCTYPE html PUBLIC "-//W3C//DTD XHTML 1.0 Transitional//EN"
    "http://www.w3.org/TR/xhtml1/DTD/xhtml1-transitional.dtd">
<html xmlns="http://www.w3.org/1999/xhtml" xml:lang="en" lang="en">
 <head>
  <title>
</title>
<meta http-equiv="Content-Type" content="text/html;charset=utf-8" />
  <meta name='ocr-system' content='tesseract 3.04.00' />
  <meta name='ocr-capabilities' content='ocr_page ocr_carea ocr_par ocr_line ocrx_word'/>
</head>
<body>
  <div class='ocr_page' id='page_1' title='image "./tmacciplauticom02schgoog_0577.png"; bbox 0 0 2934 5048; ppageno 0'>
   <div class='ocr_carea' id='block_1_1' title="bbox 236 306 911 374">
    <p class='ocr_par' dir='ltr' id='par_1_1' title="bbox 236 306 911 374">
     <span class='ocr_line' id='line_1_1' title="bbox 236 306 911 374; baseline 0 -12"><span class='ocrx_word' id='word_1_1' title='bbox 236 309 326 374; x_wconf 67' lang='lat' dir='ltr'>xxvi</span> <span class='ocrx_word' id='word_1_2' title='bbox 704 306 911 362; x_wconf 72' lang='lat' dir='ltr'><strong>PRAEFATIO</strong></span> 
     </span>
    </p>
   </div>
   <div class='ocr_carea' id='block_1_2' title="bbox 236 487 1380 1397">
    <p class='ocr_par' dir='ltr' id='par_1_2' title="bbox 236 487 1380 1397">
     <span class='ocr_line' id='line_1_2' title="bbox 236 487 1380 581; baseline 0 -28"><span class='ocrx_word' id='word_1_3' title='bbox 236 488 317 553; x_wconf 88' lang='lat' dir='ltr'>nihil</span> <span class='ocrx_word' id='word_1_4' title='bbox 341 512 422 573; x_wconf 90' lang='lat' dir='ltr'>opus</span> <span class='ocrx_word' id='word_1_5' title='bbox 441 489 484 553; x_wconf 89' lang='lat' dir='ltr'>sit</span> <span class='ocrx_word' id='word_1_6' title='bbox 502 489 535 552; x_wconf 90' lang='lat' dir='ltr'>in</span> <span class='ocrx_word' id='word_1_7' title='bbox 559 488 745 573; x_wconf 86' lang='lat' dir='ltr'>posteriore,</span> <span class='ocrx_word' id='word_1_8' title='bbox 768 487 864 552; x_wconf 87' lang='lat' dir='ltr'>unius</span> <span class='ocrx_word' id='word_1_9' title='bbox 887 487 1036 581; x_wconf 83' lang='lat' dir='ltr'>versiculi</span> <span class='ocrx_word' id='word_1_10' title='bbox 1059 488 1314 572; x_wconf 63' lang='lat' dir='ltr'><strong>transpositione</strong></span> <span class='ocrx_word' id='word_1_11' title='bbox 1337 489 1380 554; x_wconf 85' lang='lat' dir='ltr'>sic</span> 
     </span>
     <span class='ocr_line' id='line_1_3' title="bbox 237 604 729 689; baseline -0.002 -20"><span class='ocrx_word' id='word_1_12' title='bbox 237 604 346 669; x_wconf 90' lang='lat' dir='ltr'>omnia</span> <span class='ocrx_word' id='word_1_13' title='bbox 368 604 545 689; x_wconf 78' lang='lat' dir='ltr'>expediisse</span> <span class='ocrx_word' id='word_1_14' title='bbox 568 604 729 669; x_wconf 86' lang='lat' dir='ltr'>videmur:</span> 
     </span>
     <span class='ocr_line' id='line_1_4' title="bbox 608 736 1287 822; baseline 0.001 -21"><span class='ocrx_word' id='word_1_15' title='bbox 608 759 651 801; x_wconf 85' lang='lat' dir='ltr'>an</span> <span class='ocrx_word' id='word_1_16' title='bbox 673 758 764 820; x_wconf 89' lang='lat' dir='ltr'>uero,</span> <span class='ocrx_word' id='word_1_17' title='bbox 787 738 863 821; x_wconf 89' lang='lat' dir='ltr'>quia</span> <span class='ocrx_word' id='word_1_18' title='bbox 885 757 958 801; x_wconf 86' lang='lat' dir='ltr'>oum</span> <span class='ocrx_word' id='word_1_19' title='bbox 980 736 1067 822; x_wconf 86' lang='lat' dir='ltr'>frugi</span> <span class='ocrx_word' id='word_1_20' title='bbox 1088 737 1287 803; x_wconf 90' lang='lat' dir='ltr'>homonibus</span> 
     </span>
     <span class='ocr_line' id='line_1_5' title="bbox 282 851 1232 937; baseline 0 -19"><span class='ocrx_word' id='word_1_21' title='bbox 282 855 330 918; x_wconf 93' lang='lat' dir='ltr'>lbi</span> <span class='ocrx_word' id='word_1_22' title='bbox 354 854 478 937; x_wconf 78' lang='lat' dir='ltr'>bibisti,</span> <span class='ocrx_word' id='word_1_23' title='bbox 502 854 556 937; x_wconf 91' lang='lat' dir='ltr'>qui</span> <span class='ocrx_word' id='word_1_24' title='bbox 579 854 620 916; x_wconf 90' lang='lat' dir='ltr'>ab</span> <span class='ocrx_word' id='word_1_25' title='bbox 644 853 750 917; x_wconf 87' lang='lat' dir='ltr'>alieno</span> <span class='ocrx_word' id='word_1_26' title='bbox 773 852 868 916; x_wconf 84' lang='lat' dir='ltr'>facile</span> <span class='ocrx_word' id='word_1_27' title='bbox 891 851 1080 917; x_wconf 78' lang='lat' dir='ltr'>cohiberent</span> <span class='ocrx_word' id='word_1_28' title='bbox 1101 875 1232 937; x_wconf 87' lang='lat' dir='ltr'>manus,</span> 
     </span>
     <span class='ocr_line' id='line_1_6' title="bbox 281 967 1291 1053; baseline 0 -19"><span class='ocrx_word' id='word_1_29' title='bbox 281 969 372 1034; x_wconf 81' lang='lat' dir='ltr'>Inter</span> <span class='ocrx_word' id='word_1_30' title='bbox 394 992 491 1034; x_wconf 89' lang='lat' dir='ltr'>eosne</span> <span class='ocrx_word' id='word_1_31' title='bbox 514 969 662 1033; x_wconf 89' lang='lat' dir='ltr'>homines</span> <span class='ocrx_word' id='word_1_32' title='bbox 686 967 869 1031; x_wconf 87' lang='lat' dir='ltr'>condalium</span> <span class='ocrx_word' id='word_1_33' title='bbox 892 971 924 1032; x_wconf 83' lang='lat' dir='ltr'>te</span> <span class='ocrx_word' id='word_1_34' title='bbox 947 968 1097 1052; x_wconf 79' lang='lat' dir='ltr'>redipisci</span> <span class='ocrx_word' id='word_1_35' title='bbox 1120 970 1291 1053; x_wconf 76' lang='lat' dir='ltr'>postulas?</span> 
     </span>
     <span class='ocr_line' id='line_1_7' title="bbox 282 1076 1342 1169; baseline -0.001 -19"><span class='ocrx_word' id='word_1_36' title='bbox 282 1085 463 1151; x_wconf 75' lang='lat' dir='ltr'>Chiruclrus</span> <span class='ocrx_word' id='word_1_37' title='bbox 486 1085 560 1167; x_wconf 88' lang='lat' dir='ltr'>suit,</span> <span class='ocrx_word' id='word_1_38' title='bbox 584 1083 785 1165; x_wconf 79' lang='lat' dir='ltr'>Cerconicus,</span> <span class='ocrx_word' id='word_1_39' title='bbox 808 1083 933 1167; x_wconf 70' lang='lat' dir='ltr'>(trinus,</span> <span class='ocrx_word' id='word_1_40' title='bbox 956 1078 1153 1168; x_wconf 81' lang='lat' dir='ltr'>Cricolabus,</span> <span class='ocrx_word' id='word_1_41' title='bbox 1176 1076 1342 1169; x_wconf 70' lang='lat' dir='ltr'>(tollebas,</span> 
     </span>
     <span class='ocr_line' id='line_1_8' title="bbox 282 1199 1177 1284; baseline -0.002 -18"><span class='ocrx_word' id='word_1_42' title='bbox 282 1200 529 1284; x_wconf 74' lang='lat' dir='ltr'>Collicrepidae,</span> <span class='ocrx_word' id='word_1_43' title='bbox 552 1199 798 1282; x_wconf 78' lang='lat' dir='ltr'>cmrierepidae,</span> <span class='ocrx_word' id='word_1_44' title='bbox 820 1199 972 1283; x_wconf 84' lang='lat' dir='ltr'>ferriteri,</span> <span class='ocrx_word' id='word_1_45' title='bbox 995 1200 1177 1284; x_wconf 83' lang='lat' dir='ltr'>rnastigise:</span> 
     </span>
     <span class='ocr_line' id='line_1_9' title="bbox 283 1314 1297 1397; baseline -0.001 -16"><span class='ocrx_word' id='word_1_46' title='bbox 283 1317 426 1393; x_wconf 83' lang='lat' dir='ltr'>Quorum</span> <span class='ocrx_word' id='word_1_47' title='bbox 449 1317 556 1380; x_wconf 90' lang='lat' dir='ltr'>hercle</span> <span class='ocrx_word' id='word_1_48' title='bbox 578 1337 663 1379; x_wconf 87' lang='lat' dir='ltr'>unus</span> <span class='ocrx_word' id='word_1_49' title='bbox 686 1314 848 1397; x_wconf 88' lang='lat' dir='ltr'>surpuen&#39;t</span> <span class='ocrx_word' id='word_1_50' title='bbox 870 1315 1011 1379; x_wconf 84' lang='lat' dir='ltr'>currenti</span> <span class='ocrx_word' id='word_1_51' title='bbox 1035 1316 1156 1381; x_wconf 87' lang='lat' dir='ltr'>cursori</span> <span class='ocrx_word' id='word_1_52' title='bbox 1180 1318 1297 1381; x_wconf 86' lang='lat' dir='ltr'>solum.</span> 
     </span>
    </p>
   </div>
   <div class='ocr_carea' id='block_1_3' title="bbox 165 1439 1389 2701">
    <p class='ocr_par' dir='ltr' id='par_1_3' title="bbox 165 1439 1389 2701">
     <span class='ocr_line' id='line_1_10' title="bbox 326 1439 1389 1544; baseline -0.001 -20"><span class='ocrx_word' id='word_1_53' title='bbox 326 1459 459 1524; x_wconf 83' lang='lat' dir='ltr'>Nullam</span> <span class='ocrx_word' id='word_1_54' title='bbox 482 1457 516 1520; x_wconf 93' lang='lat' dir='ltr'>in</span> <span class='ocrx_word' id='word_1_55' title='bbox 538 1456 600 1521; x_wconf 87' lang='lat' dir='ltr'>hac</span> <span class='ocrx_word' id='word_1_56' title='bbox 623 1456 662 1519; x_wconf 87' lang='lat' dir='ltr'>de</span> <span class='ocrx_word' id='word_1_57' title='bbox 681 1459 796 1540; x_wconf 89' lang='lat' dir='ltr'>quarto</span> <span class='ocrx_word' id='word_1_58' title='bbox 812 1457 1022 1540; x_wconf 88' lang='lat' dir='ltr'>quaternione</span> <span class='ocrx_word' id='word_1_59' title='bbox 1046 1457 1265 1544; x_wconf 90' lang='lat' dir='ltr'>disputatione</span> <span class='ocrx_word' id='word_1_60' title='bbox 1288 1439 1389 1524; x_wconf 19' lang='lat' dir='ltr'>ratio--</span> 
     </span>
     <span class='ocr_line' id='line_1_11' title="bbox 231 1572 1384 1658; baseline -0.001 -18"><span class='ocrx_word' id='word_1_61' title='bbox 231 1581 313 1640; x_wconf 76' lang='lat' dir='ltr'>&#39;nem</span> <span class='ocrx_word' id='word_1_62' title='bbox 339 1574 511 1639; x_wconf 88' lang='lat' dir='ltr'>habuimus</span> <span class='ocrx_word' id='word_1_63' title='bbox 538 1595 688 1637; x_wconf 88' lang='lat' dir='ltr'>versuum</span> <span class='ocrx_word' id='word_1_64' title='bbox 715 1572 781 1636; x_wconf 84' lang='grc'>036</span> <span class='ocrx_word' id='word_1_65' title='bbox 805 1594 850 1656; x_wconf 91' lang='lat' dir='ltr'>sq.</span> <span class='ocrx_word' id='word_1_66' title='bbox 878 1572 952 1637; x_wconf 87' lang='grc'>080.</span> <span class='ocrx_word' id='word_1_67' title='bbox 983 1574 1080 1657; x_wconf 74' lang='lat'>10053</span> <span class='ocrx_word' id='word_1_68' title='bbox 1112 1596 1192 1658; x_wconf 88' lang='lat' dir='ltr'>qnos</span> <span class='ocrx_word' id='word_1_69' title='bbox 1220 1597 1242 1638; x_wconf 87' lang='lat' dir='ltr'>a</span> <span class='ocrx_word' id='word_1_70' title='bbox 1266 1573 1384 1640; x_wconf 88' lang='lat' dir='ltr'>Plauto</span> 
     </span>
     <span class='ocr_line' id='line_1_12' title="bbox 165 1687 1384 1763; baseline 0.001 -9"><span class='ocrx_word' id='word_1_71' title='bbox 165 1735 169 1740; x_wconf 88' lang='lat'><em>-</em></span> <span class='ocrx_word' id='word_1_72' title='bbox 239 1689 470 1754; x_wconf 86' lang='lat' dir='ltr'>abiudicandos</span> <span class='ocrx_word' id='word_1_73' title='bbox 493 1711 561 1753; x_wconf 88' lang='lat' dir='ltr'>esse</span> <span class='ocrx_word' id='word_1_74' title='bbox 585 1688 809 1752; x_wconf 80' lang='lat' dir='ltr'>intelleximus.</span> <span class='ocrx_word' id='word_1_75' title='bbox 832 1687 955 1763; x_wconf 84' lang='lat' dir='ltr'>Quibus</span> <span class='ocrx_word' id='word_1_76' title='bbox 978 1690 1005 1753; x_wconf 91' lang='lat' dir='ltr'>si</span> <span class='ocrx_word' id='word_1_77' title='bbox 1028 1689 1166 1753; x_wconf 87' lang='lat' dir='ltr'>liberum</span> <span class='ocrx_word' id='word_1_78' title='bbox 1187 1689 1290 1755; x_wconf 85' lang='lat' dir='ltr'>fuisse</span> <span class='ocrx_word' id='word_1_79' title='bbox 1309 1688 1384 1755; x_wconf 80' lang='lat' dir='ltr'>Am-</span> 
     </span>
     <span class='ocr_line' id='line_1_13' title="bbox 239 1804 1384 1889; baseline -0.001 -19"><span class='ocrx_word' id='word_1_80' title='bbox 239 1806 425 1871; x_wconf 87' lang='lat' dir='ltr'>brosianum</span> <span class='ocrx_word' id='word_1_81' title='bbox 454 1805 630 1889; x_wconf 76' lang='lat' dir='ltr'>putaveriS,</span> <span class='ocrx_word' id='word_1_82' title='bbox 658 1806 904 1868; x_wconf 89' lang='lat' dir='ltr'>consecuturum</span> <span class='ocrx_word' id='word_1_83' title='bbox 928 1804 970 1868; x_wconf 86' lang='lat' dir='ltr'>sit</span> <span class='ocrx_word' id='word_1_84' title='bbox 992 1808 1029 1869; x_wconf 86' lang='lat' dir='ltr'>ut</span> <span class='ocrx_word' id='word_1_85' title='bbox 1052 1805 1148 1869; x_wconf 87' lang='lat' dir='ltr'>etiarn</span> <span class='ocrx_word' id='word_1_86' title='bbox 1171 1804 1245 1888; x_wconf 89' lang='lat' dir='ltr'>plus</span> <span class='ocrx_word' id='word_1_87' title='bbox 1267 1806 1304 1869; x_wconf 90' lang='lat' dir='ltr'>in</span> <span class='ocrx_word' id='word_1_88' title='bbox 1326 1804 1384 1869; x_wconf 87' lang='lat' dir='ltr'>Pa·</span> 
     </span>
     <span class='ocr_line' id='line_1_14' title="bbox 239 1918 1385 2004; baseline 0.001 -19"><span class='ocrx_word' id='word_1_89' title='bbox 239 1921 349 1985; x_wconf 87' lang='lat' dir='ltr'>latinis</span> <span class='ocrx_word' id='word_1_90' title='bbox 373 1919 571 1984; x_wconf 84' lang='lat' dir='ltr'>interciderit</span> <span class='ocrx_word' id='word_1_91' title='bbox 585 1941 681 2003; x_wconf 89' lang='lat' dir='ltr'>qnam</span> <span class='ocrx_word' id='word_1_92' title='bbox 700 1918 899 1983; x_wconf 76' lang='lat' dir='ltr'>intercidisse</span> <span class='ocrx_word' id='word_1_93' title='bbox 918 1943 1016 2004; x_wconf 85' lang='lat' dir='ltr'>supra</span> <span class='ocrx_word' id='word_1_94' title='bbox 1035 1919 1244 1984; x_wconf 73' lang='lat' dir='ltr'>ostendimus.</span> <span class='ocrx_word' id='word_1_95' title='bbox 1262 1919 1385 1986; x_wconf 91' lang='lat' dir='ltr'>Verum</span> 
     </span>
     <span class='ocr_line' id='line_1_15' title="bbox 240 2015 1386 2123; baseline -0.001 -22"><span class='ocrx_word' id='word_1_96' title='bbox 240 2037 271 2101; x_wconf 88' lang='lat' dir='ltr'>id</span> <span class='ocrx_word' id='word_1_97' title='bbox 300 2039 410 2100; x_wconf 87' lang='lat' dir='ltr'>tamen</span> <span class='ocrx_word' id='word_1_98' title='bbox 438 2058 475 2100; x_wconf 90' lang='lat' dir='ltr'>eo</span> <span class='ocrx_word' id='word_1_99' title='bbox 504 2035 611 2099; x_wconf 90' lang='lat' dir='ltr'>minus</span> <span class='ocrx_word' id='word_1_100' title='bbox 638 2035 839 2099; x_wconf 87' lang='lat' dir='ltr'>necessitatis</span> <span class='ocrx_word' id='word_1_101' title='bbox 865 2035 978 2121; x_wconf 86' lang='lat' dir='ltr'>habet,</span> <span class='ocrx_word' id='word_1_102' title='bbox 1006 2058 1070 2120; x_wconf 91' lang='lat' dir='ltr'>quo</span> <span class='ocrx_word' id='word_1_103' title='bbox 1099 2035 1217 2123; x_wconf 87' lang='lat' dir='ltr'>certius</span> <span class='ocrx_word' id='word_1_104' title='bbox 1240 2015 1292 2100; x_wconf 76' lang='lat' dir='ltr'>est</span> <span class='ocrx_word' id='word_1_105' title='bbox 1314 2036 1386 2101; x_wconf 81' lang='lat' dir='ltr'>aliis</span> 
     </span>
     <span class='ocr_line' id='line_1_16' title="bbox 241 2149 1386 2240; baseline 0 -24"><span class='ocrx_word' id='word_1_106' title='bbox 241 2173 367 2236; x_wconf 88' lang='lat' dir='ltr'>quoquc</span> <span class='ocrx_word' id='word_1_107' title='bbox 404 2173 471 2215; x_wconf 89' lang='lat' dir='ltr'>non</span> <span class='ocrx_word' id='word_1_108' title='bbox 508 2151 619 2236; x_wconf 83' lang='lat' dir='ltr'>paucis</span> <span class='ocrx_word' id='word_1_109' title='bbox 660 2150 954 2234; x_wconf 83' lang='lat' dir='ltr'>interpretamentis</span> <span class='ocrx_word' id='word_1_110' title='bbox 991 2149 1285 2240; x_wconf 85' lang='lat' dir='ltr'>additamentisque</span> <span class='ocrx_word' id='word_1_111' title='bbox 1321 2152 1386 2216; x_wconf 85' lang='lat' dir='ltr'>ism</span> 
     </span>
     <span class='ocr_line' id='line_1_17' title="bbox 241 2264 1385 2350; baseline 0 -18"><span class='ocrx_word' id='word_1_112' title='bbox 241 2267 492 2332; x_wconf 83' lang='lat' dir='ltr'>Ambrosianum</span> <span class='ocrx_word' id='word_1_113' title='bbox 519 2265 748 2350; x_wconf 85' lang='lat' dir='ltr'>interpolatum</span> <span class='ocrx_word' id='word_1_114' title='bbox 778 2288 855 2330; x_wconf 87' lang='lat' dir='ltr'>esse.</span> <span class='ocrx_word' id='word_1_115' title='bbox 882 2264 951 2330; x_wconf 89' lang='lat' dir='ltr'>Nec</span> <span class='ocrx_word' id='word_1_116' title='bbox 979 2288 1052 2331; x_wconf 89' lang='lat' dir='ltr'>eum</span> <span class='ocrx_word' id='word_1_117' title='bbox 1079 2267 1143 2331; x_wconf 91' lang='lat' dir='ltr'>illis</span> <span class='ocrx_word' id='word_1_118' title='bbox 1166 2265 1314 2332; x_wconf 75' lang='lat' dir='ltr'>semibus</span> <span class='ocrx_word' id='word_1_119' title='bbox 1336 2290 1385 2332; x_wconf 83' lang='lat' dir='ltr'>ca-</span> 
     </span>
     <span class='ocr_line' id='line_1_18' title="bbox 240 2380 1387 2468; baseline -0.001 -20"><span class='ocrx_word' id='word_1_120' title='bbox 240 2384 355 2468; x_wconf 88' lang='lat' dir='ltr'>ruisse,</span> <span class='ocrx_word' id='word_1_121' title='bbox 381 2406 461 2468; x_wconf 90' lang='lat' dir='ltr'>quos</span> <span class='ocrx_word' id='word_1_122' title='bbox 485 2382 589 2446; x_wconf 87' lang='lat' dir='ltr'>versui</span> <span class='ocrx_word' id='word_1_123' title='bbox 612 2382 695 2445; x_wconf 81' lang='lat'>1042</span> <span class='ocrx_word' id='word_1_124' title='bbox 714 2381 876 2446; x_wconf 83' lang='lat' dir='ltr'>subiectos</span> <span class='ocrx_word' id='word_1_125' title='bbox 889 2380 1040 2446; x_wconf 87' lang='lat' dir='ltr'>Plautina</span> <span class='ocrx_word' id='word_1_126' title='bbox 1062 2383 1168 2446; x_wconf 89' lang='lat' dir='ltr'>aetate</span> <span class='ocrx_word' id='word_1_127' title='bbox 1190 2382 1387 2466; x_wconf 86' lang='lat' dir='ltr'>posteriores</span> 
     </span>
     <span class='ocr_line' id='line_1_19' title="bbox 241 2497 1387 2582; baseline 0 -19"><span class='ocrx_word' id='word_1_128' title='bbox 241 2500 392 2582; x_wconf 85' lang='lat' dir='ltr'>diximus,</span> <span class='ocrx_word' id='word_1_129' title='bbox 414 2499 491 2563; x_wconf 91' lang='lat' dir='ltr'>hinc</span> <span class='ocrx_word' id='word_1_130' title='bbox 513 2498 720 2562; x_wconf 82' lang='lat' dir='ltr'>manifestum</span> <span class='ocrx_word' id='word_1_131' title='bbox 743 2497 895 2581; x_wconf 89' lang='lat' dir='ltr'>estquod</span> <span class='ocrx_word' id='word_1_132' title='bbox 919 2497 1049 2581; x_wconf 88' lang='lat' dir='ltr'>abipso</span> <span class='ocrx_word' id='word_1_133' title='bbox 1068 2497 1200 2562; x_wconf 82' lang='lat' dir='ltr'>v.1045</span> <span class='ocrx_word' id='word_1_134' title='bbox 1224 2503 1387 2582; x_wconf 85' lang='lat' dir='ltr'>superstes</span> 
     </span>
     <span class='ocr_line' id='line_1_20' title="bbox 242 2613 936 2701; baseline 0 -24"><span class='ocrx_word' id='word_1_135' title='bbox 242 2616 362 2701; x_wconf 85' lang='lat' dir='ltr'>pagina</span> <span class='ocrx_word' id='word_1_136' title='bbox 385 2617 425 2680; x_wconf 87' lang='lat'>31</span> <span class='ocrx_word' id='word_1_137' title='bbox 452 2614 569 2678; x_wconf 88' lang='lat' dir='ltr'>codicis</span> <span class='ocrx_word' id='word_1_138' title='bbox 592 2613 791 2697; x_wconf 88' lang='lat' dir='ltr'>palimpsesti</span> <span class='ocrx_word' id='word_1_139' title='bbox 816 2613 936 2697; x_wconf 89' lang='lat' dir='ltr'>incipit.</span> 
     </span>
    </p>
   </div>
   <div class='ocr_carea' id='block_1_4' title="bbox 331 2817 1387 2902">
    <p class='ocr_par' dir='ltr' id='par_1_4' title="bbox 331 2817 1387 2902">
     <span class='ocr_line' id='line_1_21' title="bbox 331 2817 1387 2902; baseline 0.003 -22"><span class='ocrx_word' id='word_1_140' title='bbox 331 2818 503 2900; x_wconf 84' lang='lat' dir='ltr'>Reliquum</span> <span class='ocrx_word' id='word_1_141' title='bbox 518 2821 567 2882; x_wconf 86' lang='lat' dir='ltr'>est</span> <span class='ocrx_word' id='word_1_142' title='bbox 580 2821 617 2881; x_wconf 91' lang='lat' dir='ltr'>ut</span> <span class='ocrx_word' id='word_1_143' title='bbox 631 2817 669 2881; x_wconf 87' lang='lat' dir='ltr'>de</span> <span class='ocrx_word' id='word_1_144' title='bbox 685 2819 819 2901; x_wconf 90' lang='lat' dir='ltr'>quinto</span> <span class='ocrx_word' id='word_1_145' title='bbox 839 2819 1094 2902; x_wconf 79' lang='lat' dir='ltr'>quaternione</span> <span class='ocrx_word' id='word_1_146' title='bbox 1110 2817 1237 2882; x_wconf 69' lang='lat' dir='ltr'>erIlll</span> <span class='ocrx_word' id='word_1_147' title='bbox 1252 2819 1387 2885; x_wconf 85' lang='lat' dir='ltr'>dicatur.</span> 
     </span>
    </p>
   </div>
   <div class='ocr_carea' id='block_1_5' title="bbox 243 2918 1388 3019">
    <p class='ocr_par' dir='ltr' id='par_1_5' title="bbox 243 2918 1388 3019">
     <span class='ocr_line' id='line_1_22' title="bbox 243 2918 1388 3019; baseline 0.001 -21"><span class='ocrx_word' id='word_1_148' title='bbox 243 2932 341 2998; x_wconf 74' lang='lat' dir='ltr'>Cuius</span> <span class='ocrx_word' id='word_1_149' title='bbox 357 2918 424 2995; x_wconf 72' lang='lat' dir='ltr'>⁸etsi</span> <span class='ocrx_word' id='word_1_150' title='bbox 448 2933 529 2996; x_wconf 91' lang='lat' dir='ltr'>nihil</span> <span class='ocrx_word' id='word_1_151' title='bbox 552 2934 647 2996; x_wconf 89' lang='lat' dir='ltr'>hodic</span> <span class='ocrx_word' id='word_1_152' title='bbox 671 2937 829 3017; x_wconf 85' lang='lat' dir='ltr'>superest,</span> <span class='ocrx_word' id='word_1_153' title='bbox 851 2938 961 2997; x_wconf 86' lang='lat' dir='ltr'>tamen</span> <span class='ocrx_word' id='word_1_154' title='bbox 980 2956 1183 3018; x_wconf 86' lang='lat' dir='ltr'>nequaquam</span> <span class='ocrx_word' id='word_1_155' title='bbox 1201 2934 1233 2998; x_wconf 89' lang='lat' dir='ltr'>id</span> <span class='ocrx_word' id='word_1_156' title='bbox 1252 2936 1388 3019; x_wconf 87' lang='lat' dir='ltr'>impedit</span> 
     </span>
    </p>
   </div>
   <div class='ocr_carea' id='block_1_6' title="bbox 243 3047 1392 4404">
    <p class='ocr_par' dir='ltr' id='par_1_6' title="bbox 243 3047 1392 4404">
     <span class='ocr_line' id='line_1_23' title="bbox 243 3047 1389 3133; baseline 0.003 -23"><span class='ocrx_word' id='word_1_157' title='bbox 243 3047 415 3130; x_wconf 87' lang='lat' dir='ltr'>quominus</span> <span class='ocrx_word' id='word_1_158' title='bbox 438 3048 534 3112; x_wconf 87' lang='lat' dir='ltr'>alicui</span> <span class='ocrx_word' id='word_1_159' title='bbox 556 3048 609 3111; x_wconf 86' lang='lat' dir='ltr'>ille</span> <span class='ocrx_word' id='word_1_160' title='bbox 633 3050 704 3112; x_wconf 93' lang='lat' dir='ltr'>usui</span> <span class='ocrx_word' id='word_1_161' title='bbox 729 3050 779 3112; x_wconf 89' lang='lat' dir='ltr'>sit.</span> <span class='ocrx_word' id='word_1_162' title='bbox 799 3047 846 3113; x_wconf 81' lang='lat' dir='ltr'>Ac</span> <span class='ocrx_word' id='word_1_163' title='bbox 865 3050 1004 3133; x_wconf 87' lang='lat' dir='ltr'>primum</span> <span class='ocrx_word' id='word_1_164' title='bbox 1028 3050 1191 3113; x_wconf 89' lang='lat' dir='ltr'>sciendum</span> <span class='ocrx_word' id='word_1_165' title='bbox 1216 3055 1267 3114; x_wconf 87' lang='lat' dir='ltr'>est</span> <span class='ocrx_word' id='word_1_166' title='bbox 1290 3050 1389 3115; x_wconf 83' lang='lat' dir='ltr'>ordiri</span> 
     </span>
     <span class='ocr_line' id='line_1_24' title="bbox 244 3162 1388 3248; baseline 0.004 -24"><span class='ocrx_word' id='word_1_167' title='bbox 244 3163 488 3245; x_wconf 86' lang='lat' dir='ltr'>quaternionem</span> <span class='ocrx_word' id='word_1_168' title='bbox 517 3162 574 3226; x_wconf 85' lang='lat' dir='ltr'>Lx</span> <span class='ocrx_word' id='word_1_169' title='bbox 604 3186 622 3225; x_wconf 90' lang='lat' dir='ltr'>a</span> <span class='ocrx_word' id='word_1_170' title='bbox 650 3163 837 3228; x_wconf 87' lang='lat' dir='ltr'>Truculenti</span> <span class='ocrx_word' id='word_1_171' title='bbox 864 3188 958 3229; x_wconf 86' lang='lat' dir='ltr'>versu</span> <span class='ocrx_word' id='word_1_172' title='bbox 987 3165 1015 3248; x_wconf 96' lang='lat' dir='ltr'>l,</span> <span class='ocrx_word' id='word_1_173' title='bbox 1039 3167 1072 3248; x_wconf 84' lang='lat'>2,</span> <span class='ocrx_word' id='word_1_174' title='bbox 1099 3165 1147 3230; x_wconf 84' lang='lat'>15.</span> <span class='ocrx_word' id='word_1_175' title='bbox 1175 3163 1316 3229; x_wconf 83' lang='lat' dir='ltr'>Necesse</span> <span class='ocrx_word' id='word_1_176' title='bbox 1340 3172 1388 3230; x_wconf 89' lang='lat' dir='ltr'>est</span> 
     </span>
     <span class='ocr_line' id='line_1_25' title="bbox 243 3277 1388 3363; baseline 0.004 -23"><span class='ocrx_word' id='word_1_177' title='bbox 243 3277 343 3362; x_wconf 82' lang='lat' dir='ltr'>igitur</span> <span class='ocrx_word' id='word_1_178' title='bbox 366 3300 438 3340; x_wconf 90' lang='lat' dir='ltr'>eum</span> <span class='ocrx_word' id='word_1_179' title='bbox 462 3279 516 3362; x_wconf 91' lang='lat' dir='ltr'>qui</span> <span class='ocrx_word' id='word_1_180' title='bbox 544 3280 707 3361; x_wconf 85' lang='lat' dir='ltr'>praecedit</span> <span class='ocrx_word' id='word_1_181' title='bbox 729 3282 974 3363; x_wconf 85' lang='lat' dir='ltr'>quaternionem</span> <span class='ocrx_word' id='word_1_182' title='bbox 1002 3303 1020 3344; x_wconf 87' lang='lat' dir='ltr'>a</span> <span class='ocrx_word' id='word_1_183' title='bbox 1044 3280 1225 3344; x_wconf 88' lang='lat' dir='ltr'>Trinummi</span> <span class='ocrx_word' id='word_1_184' title='bbox 1248 3304 1277 3344; x_wconf 85' lang='lat' dir='ltr'>v.</span> <span class='ocrx_word' id='word_1_185' title='bbox 1304 3282 1388 3346; x_wconf 66' lang='lat' dir='ltr'>loto</span> 
     </span>
     <span class='ocr_line' id='line_1_26' title="bbox 243 3392 1389 3481; baseline 0.003 -25"><span class='ocrx_word' id='word_1_186' title='bbox 243 3394 283 3456; x_wconf 83' lang='lat' dir='ltr'>ad</span> <span class='ocrx_word' id='word_1_187' title='bbox 313 3392 499 3457; x_wconf 81' lang='lat' dir='ltr'>Truculenti</span> <span class='ocrx_word' id='word_1_188' title='bbox 527 3393 555 3476; x_wconf 92' lang='lat' dir='ltr'>l,</span> <span class='ocrx_word' id='word_1_189' title='bbox 579 3395 613 3476; x_wconf 76' lang='lat'>2,</span> <span class='ocrx_word' id='word_1_190' title='bbox 644 3396 683 3457; x_wconf 82' lang='lat'>14</span> <span class='ocrx_word' id='word_1_191' title='bbox 711 3395 911 3478; x_wconf 85' lang='lat' dir='ltr'>pertinuisse.</span> <span class='ocrx_word' id='word_1_192' title='bbox 940 3394 1171 3481; x_wconf 83' lang='lat' dir='ltr'>Complectitur</span> <span class='ocrx_word' id='word_1_193' title='bbox 1197 3394 1231 3459; x_wconf 91' lang='lat' dir='ltr'>id</span> <span class='ocrx_word' id='word_1_194' title='bbox 1259 3396 1389 3461; x_wconf 84' lang='lat' dir='ltr'>fabulae</span> 
     </span>
     <span class='ocr_line' id='line_1_27' title="bbox 243 3500 1388 3596; baseline -0.003 -24"><span class='ocrx_word' id='word_1_195' title='bbox 243 3500 370 3573; x_wconf 89' lang='lat' dir='ltr'>initium</span> <span class='ocrx_word' id='word_1_196' title='bbox 394 3509 533 3593; x_wconf 90' lang='lat' dir='ltr'>primum</span> <span class='ocrx_word' id='word_1_197' title='bbox 557 3510 683 3594; x_wconf 77' lang='lat' dir='ltr'>prologi</span> <span class='ocrx_word' id='word_1_198' title='bbox 702 3532 812 3574; x_wconf 89' lang='lat' dir='ltr'>versus</span> <span class='ocrx_word' id='word_1_199' title='bbox 831 3524 902 3594; x_wconf 77' lang='lat' dir='ltr'>xxi,</span> <span class='ocrx_word' id='word_1_200' title='bbox 925 3513 980 3577; x_wconf 75' lang='lat' dir='ltr'>sed</span> <span class='ocrx_word' id='word_1_201' title='bbox 1004 3512 1108 3576; x_wconf 80' lang='lat' dir='ltr'>mutili</span> <span class='ocrx_word' id='word_1_202' title='bbox 1132 3511 1271 3596; x_wconf 79' lang='lat' dir='ltr'>prologi,</span> <span class='ocrx_word' id='word_1_203' title='bbox 1294 3534 1388 3595; x_wconf 70' lang='lat' dir='ltr'>quem</span> 
     </span>
     <span class='ocr_line' id='line_1_28' title="bbox 243 3625 1389 3709; baseline 0.002 -21"><span class='ocrx_word' id='word_1_204' title='bbox 243 3647 301 3708; x_wconf 89' lang='lat' dir='ltr'>per</span> <span class='ocrx_word' id='word_1_205' title='bbox 333 3625 412 3688; x_wconf 91' lang='lat' dir='ltr'>duas</span> <span class='ocrx_word' id='word_1_206' title='bbox 445 3626 581 3709; x_wconf 82' lang='lat' dir='ltr'>paginas</span> <span class='ocrx_word' id='word_1_207' title='bbox 614 3625 806 3708; x_wconf 84' lang='lat' dir='ltr'>pertinuisse</span> <span class='ocrx_word' id='word_1_208' title='bbox 840 3627 944 3690; x_wconf 90' lang='lat' dir='ltr'>solum</span> <span class='ocrx_word' id='word_1_209' title='bbox 976 3626 1071 3690; x_wconf 81' lang='lat' dir='ltr'>fidem</span> <span class='ocrx_word' id='word_1_210' title='bbox 1099 3626 1179 3689; x_wconf 82' lang='lat' dir='ltr'>facit-</span> <span class='ocrx_word' id='word_1_211' title='bbox 1207 3626 1389 3690; x_wconf 88' lang='lat' dir='ltr'>Trinummi</span> 
     </span>
     <span class='ocr_line' id='line_1_29' title="bbox 244 3740 1389 3827; baseline 0.003 -26"><span class='ocrx_word' id='word_1_212' title='bbox 244 3741 437 3823; x_wconf 85' lang='lat' dir='ltr'>exemplum,</span> <span class='ocrx_word' id='word_1_213' title='bbox 464 3741 518 3803; x_wconf 92' lang='lat' dir='ltr'>ubi</span> <span class='ocrx_word' id='word_1_214' title='bbox 548 3740 615 3803; x_wconf 88' lang='lat' dir='ltr'>eius</span> <span class='ocrx_word' id='word_1_215' title='bbox 644 3740 795 3824; x_wconf 86' lang='lat' dir='ltr'>paginae,</span> <span class='ocrx_word' id='word_1_216' title='bbox 822 3742 856 3804; x_wconf 89' lang='lat' dir='ltr'>in</span> <span class='ocrx_word' id='word_1_217' title='bbox 885 3765 948 3826; x_wconf 90' lang='lat' dir='ltr'>qua</span> <span class='ocrx_word' id='word_1_218' title='bbox 976 3741 1094 3805; x_wconf 83' lang='lat' dir='ltr'>desiuit</span> <span class='ocrx_word' id='word_1_219' title='bbox 1121 3742 1291 3827; x_wconf 88' lang='lat' dir='ltr'>prologus,</span> <span class='ocrx_word' id='word_1_220' title='bbox 1319 3743 1389 3807; x_wconf 90' lang='lat' dir='ltr'>reli·</span> 
     </span>
     <span class='ocr_line' id='line_1_30' title="bbox 244 3856 1390 3941; baseline 0.005 -24"><span class='ocrx_word' id='word_1_221' title='bbox 244 3876 341 3936; x_wconf 86' lang='lat' dir='ltr'>quam</span> <span class='ocrx_word' id='word_1_222' title='bbox 368 3861 493 3939; x_wconf 67' lang='lat' dir='ltr'>quartem</span> <span class='ocrx_word' id='word_1_223' title='bbox 521 3878 655 3919; x_wconf 85' lang='lat' dir='ltr'>vacuam</span> <span class='ocrx_word' id='word_1_224' title='bbox 682 3856 825 3919; x_wconf 86' lang='lat' dir='ltr'>relictam</span> <span class='ocrx_word' id='word_1_225' title='bbox 854 3879 923 3921; x_wconf 83' lang='lat' dir='ltr'>esse</span> <span class='ocrx_word' id='word_1_226' title='bbox 951 3879 1048 3941; x_wconf 87' lang='lat' dir='ltr'>supra</span> <span class='ocrx_word' id='word_1_227' title='bbox 1075 3856 1312 3922; x_wconf 83' lang='lat' dir='ltr'>adnotavimus.</span> <span class='ocrx_word' id='word_1_228' title='bbox 1337 3857 1390 3923; x_wconf 87' lang='lat' dir='ltr'>Se-</span> 
     </span>
     <span class='ocr_line' id='line_1_31' title="bbox 245 3972 1391 4054; baseline 0.004 -22"><span class='ocrx_word' id='word_1_229' title='bbox 245 3976 387 4051; x_wconf 88' lang='lat' dir='ltr'>quuntur</span> <span class='ocrx_word' id='word_1_230' title='bbox 413 3972 536 4054; x_wconf 87' lang='lat' dir='ltr'>primae</span> <span class='ocrx_word' id='word_1_231' title='bbox 564 3993 698 4035; x_wconf 79' lang='lat' dir='ltr'>scaenae</span> <span class='ocrx_word' id='word_1_232' title='bbox 726 3973 842 4035; x_wconf 87' lang='lat' dir='ltr'>senarii</span> <span class='ocrx_word' id='word_1_233' title='bbox 868 3988 1003 4054; x_wconf 80' lang='lat' dir='ltr'>Lxxvll,</span> <span class='ocrx_word' id='word_1_234' title='bbox 1030 3973 1162 4036; x_wconf 87' lang='lat' dir='ltr'>alterius</span> <span class='ocrx_word' id='word_1_235' title='bbox 1186 3974 1265 4036; x_wconf 89' lang='lat' dir='ltr'>item</span> <span class='ocrx_word' id='word_1_236' title='bbox 1287 3974 1391 4038; x_wconf 79' lang='lat' dir='ltr'>brevi-</span> 
     </span>
     <span class='ocr_line' id='line_1_32' title="bbox 245 4084 1390 4152; baseline 0.006 -8"><span class='ocrx_word' id='word_1_237' title='bbox 245 4084 306 4145; x_wconf 88' lang='lat' dir='ltr'>culi</span> <span class='ocrx_word' id='word_1_238' title='bbox 336 4107 446 4149; x_wconf 85' lang='lat' dir='ltr'>versus</span> <span class='ocrx_word' id='word_1_239' title='bbox 477 4104 549 4150; x_wconf 81' lang='lat' dir='ltr'>xlv:</span> <span class='ocrx_word' id='word_1_240' title='bbox 578 4087 734 4150; x_wconf 84' lang='lat' dir='ltr'>accedunt</span> <span class='ocrx_word' id='word_1_241' title='bbox 763 4105 798 4149; x_wconf 84' lang='lat' dir='ltr'>lv</span> <span class='ocrx_word' id='word_1_242' title='bbox 827 4109 843 4150; x_wconf 88' lang='lat' dir='ltr'>e</span> <span class='ocrx_word' id='word_1_243' title='bbox 872 4108 1059 4151; x_wconf 85' lang='lat' dir='ltr'>scaenarum</span> <span class='ocrx_word' id='word_1_244' title='bbox 1084 4088 1282 4151; x_wconf 81' lang='lat' dir='ltr'>interstitiis:</span> <span class='ocrx_word' id='word_1_245' title='bbox 1305 4110 1390 4152; x_wconf 88' lang='lat' dir='ltr'>sum·</span> 
     </span>
     <span class='ocr_line' id='line_1_33' title="bbox 246 4198 1392 4300; baseline 0.01 -43"><span class='ocrx_word' id='word_1_246' title='bbox 246 4218 331 4258; x_wconf 88' lang='lat' dir='ltr'>mam</span> <span class='ocrx_word' id='word_1_247' title='bbox 368 4198 466 4263; x_wconf 88' lang='lat' dir='ltr'>habes</span> <span class='ocrx_word' id='word_1_248' title='bbox 505 4220 648 4265; x_wconf 78' lang='lat' dir='ltr'>axxxxv</span> <span class='ocrx_word' id='word_1_249' title='bbox 685 4225 857 4300; x_wconf 72' lang='lat' dir='ltr'>versuum,</span> <span class='ocrx_word' id='word_1_250' title='bbox 889 4204 950 4267; x_wconf 90' lang='lat' dir='ltr'>hoc</span> <span class='ocrx_word' id='word_1_251' title='bbox 988 4207 1037 4266; x_wconf 88' lang='lat' dir='ltr'>est</span> <span class='ocrx_word' id='word_1_252' title='bbox 1073 4202 1216 4285; x_wconf 89' lang='lat' dir='ltr'>quinque</span> <span class='ocrx_word' id='word_1_253' title='bbox 1254 4204 1392 4289; x_wconf 81' lang='lat' dir='ltr'>paginas</span> 
     </span>
     <span class='ocr_line' id='line_1_34' title="bbox 247 4311 1392 4404; baseline 0.01 -32"><span class='ocrx_word' id='word_1_254' title='bbox 247 4311 514 4378; x_wconf 86' lang='lat' dir='ltr'>undevicenorum</span> <span class='ocrx_word' id='word_1_255' title='bbox 544 4339 705 4401; x_wconf 89' lang='lat' dir='ltr'>versuum,</span> <span class='ocrx_word' id='word_1_256' title='bbox 733 4324 770 4382; x_wconf 89' lang='lat' dir='ltr'>ut</span> <span class='ocrx_word' id='word_1_257' title='bbox 796 4339 855 4381; x_wconf 84' lang='lat' dir='ltr'>nec</span> <span class='ocrx_word' id='word_1_258' title='bbox 883 4318 981 4381; x_wconf 86' lang='lat' dir='ltr'>defiat</span> <span class='ocrx_word' id='word_1_259' title='bbox 1003 4318 1174 4400; x_wconf 89' lang='lat' dir='ltr'>quicquam</span> <span class='ocrx_word' id='word_1_260' title='bbox 1197 4339 1259 4383; x_wconf 86' lang='lat' dir='ltr'>nec</span> <span class='ocrx_word' id='word_1_261' title='bbox 1282 4342 1392 4404; x_wconf 87' lang='lat' dir='ltr'>super·</span> 
     </span>
    </p>
   </div>
   <div class='ocr_carea' id='block_1_7' title="bbox 0 0 1484 5048">
    <p class='ocr_par' dir='ltr' id='par_1_7' title="bbox 0 0 1484 5048">
     <span class='ocr_line' id='line_1_35' title="bbox 0 0 1484 5048; baseline 0 0"><span class='ocrx_word' id='word_1_262' title='bbox 0 0 1484 5048; x_wconf 95' lang='lat' dir='ltr'> </span> 
     </span>
    </p>
   </div>
  </div>
 </body>
</html>
