2934 5048
238 322 348 377 LXVIII
705 318 912 373 PRAEFATIO

327 501 375 565 De
397 523 427 565 v.
450 502 517 564 alm
539 500 615 564 vide¹
634 499 674 563 ad
698 522 727 563 v.
753 500 824 563 111.

327 616 465 680 Versum
494 617 559 681 866
586 614 731 679 Koehius
757 616 884 698 placere
914 614 975 678 sibi
1002 613 1166 699 significat
1187 613 1234 678 sic
1257 612 1391 678 confor-

239 736 374 797 matum:
402 732 453 797 Cr.
477 731 618 795 ilicium.
650 731 716 796 Ma.
739 730 774 795 ac
795 731 878 795 arim
899 730 1033 795 nimiam
1055 729 1143 813 161190
1163 749 1306 796 semmae
1327 729 1393 792 riti·

238 870 322 914 auur:
345 848 428 914 conl.
451 871 481 912 v.
503 847 578 911 936.

212 956 215 961 ’
327 963 368 1027 V.
391 964 454 1029 807
482 964 564 1045 qued
590 963 822 1047 accusativum,
848 983 916 1027 non
944 961 1121 1026 ablativum
1151 961 1395 1045 interpretatur

240 1080 368 1145 Brixius
391 1077 510 1143 Annal.
537 1078 616 1162 phil.
642 1081 666 1142 t
691 1079 752 1143 101
784 1075 827 1163 (a.
853 1075 953 1164 1870)
986 1099 1017 1160 p.
1044 1076 1124 1141 429:
1157 1076 1199 1142 de
1227 1098 1296 1161 quo
1331 1098 1395 1142 suo

239 1192 383 1280 teniporc
407 1194 483 1259 data
506 1215 605 1278 opera
627 1193 759 1258 dicetur.

330 1309 381 1377 Ad
412 1333 441 1374 v.
464 1310 529 1374 832
560 1312 704 1394 spectare
734 1308 858 1373 Placidi
887 1331 918 1392 p.
940 1308 1007 1373 476
1037 1307 1179 1393 glossam
1212 1308 1396 1395 ‘iterant,

240 1427 360 1510 dicunt,
383 1425 544 1490 indicant'
569 1425 650 1489 vidit
672 1423 899 1489 Fleckeisenus
921 1423 1041 1489 ibidem
1063 1447 1094 1508 p.
1119 1422 1192 1489 759.

328 1541 450 1605 Versus
474 1541 540 1606 840
562 1563 630 1624 sqq.
658 1539 882 1624 anapaesticus
910 1561 983 1604 cnm
1006 1540 1077 1604 aliis
1100 1540 1198 1605 etiam
1220 1538 1395 1608 Vsenerus

240 1658 356 1722 habuit
377 1657 413 1721 in
435 1656 707 1721 commentatione
731 1655 771 1719 ad
794 1677 824 1719 v.
849 1656 914 1721 780
935 1659 1114 1720 memorata
1136 1678 1167 1740 p.
1183 1655 1244 1721 15.

292 1858 296 1865 ἱ
329 1772 381 1836 Ad
403 1795 432 1837 v.
456 1773 519 1837 848
548 1773 831 1837 commemoratam
857 1769 1057 1836 Fleckeiseni
1084 1771 1297 1858 sententiam,
1326 1796 1395 1859 qua

239 1892 295 1973 qai
316 1890 464 1954 voculam
487 1887 664 1952 ablativum
686 1888 904 1972 interpretans
927 1908 1000 1951 cum
1022 1892 1135 1975 epeapm
1156 1887 1293 1953 nomine
1314 1910 1393 1955 cou-

240 2005 346 2088 struit,
363 2025 451 2068 nunc
469 2004 537 2088 ipse
552 2003 701 2087 exposuit
714 2002 920 2087 defenditque
934 2001 1052 2068 Annal.
1067 2003 1145 2088 phil.
1158 2002 1179 2067 1.
1193 2024 1219 2068 s.
1232 2025 1258 2068 s.
1272 2026 1306 2089 p.
1315 2005 1394 2071 784.

328 2120 369 2184 V.
384 2121 448 2185 874
463 2118 618 2185 Calliclea
639 2117 726 2183 aaut
745 2120 853 2184 uocari
876 2118 1005 2183 defendi
1022 2140 1118 2204 posse
1132 2118 1260 2185 Kocbio
1283 2120 1392 2187 visum

241 2240 308 2321 est,
340 2235 475 2300 eandem
508 2234 755 2299 declinationem
787 2234 859 2299 aliis
891 2256 1018 2319 quoque
1049 2225 1196 2299 versibus
1226 2234 1393 2301 Plautinis

240 2352 381 2417 tribuere
405 2372 493 2435 auso,
515 2354 553 2415 ut
575 2348 1050 2433 Pmpmnm‚suataa·1pocaa
1072 2354 1105 2415 et
1127 2351 1267 2416 fortasse
1288 2352 1392 2435 Apoe-

240 2470 327 2534 cidcn
358 2466 485 2551 Epidici
513 2465 576 2548 III,
598 2466 633 2548 4,
659 2465 708 2529 12.
733 2466 784 2529 71.
811 2466 846 2548 2,
874 2467 926 2530 22.
957 2464 1050 2542 Quod
1081 2465 1188 2531 fateor
1216 2467 1274 2550 qui
1302 2466 1391 2533 credi

241 2584 344 2669 possit
371 2588 438 2646 tam
466 2582 520 2645 diu
548 2603 598 2644 me
622 2602 689 2644 non
711 2581 913 2666 intellegere,
938 2604 1037 2665 quam
1061 2581 1115 2645 diu
1139 2583 1237 2666 plane
1262 2588 1390 2649 conlua-

241 2701 362 2763 ricrum
384 2699 419 2762 in
441 2718 575 2761 numero
598 2697 760 2762 habentur
779 2697 968 2782 graecanica
987 2702 1020 2762 et
1038 2698 1211 2762 vernacula
1233 2699 1391 2764 latinitas.

242 2815 443 2897 Quamquam
471 2813 644 2895 Apoecidcu
671 2812 750 2876 illud
773 2813 808 2876 in
830 2811 957 2898 Epidici
980 2813 1044 2898 HI,
1067 2815 1101 2899 2,
1124 2816 1167 2879 22
1197 2815 1264 2879 iam
1288 2815 1390 2881 Inaeh-

242 2952 380 2993 mannus
408 2929 568 3012 praeierat
596 2928 636 2992 ad
664 2927 790 2992 Lucret.
813 2953 844 3012 p.
867 2930 947 3013 313,
975 2930 1123 3013 idemque
1146 2930 1268 2995 ibidem
1291 2932 1390 2996 etiarn

241 3045 384 3111 &acreda
411 3044 549 3108 formam
581 3044 616 3106 in
639 3043 809 3109 Asina-riae
841 3068 869 3110 v.
893 3046 936 3110 85
968 3046 1145 3129 probabat,
1177 3050 1276 3130 atque
1308 3048 1390 3113 adeo

242 3160 378 3225 llrlelma
404 3159 622 3223 accusativum
649 3159 834 3224 Plautinum
862 3160 984 3225 scilicet
1009 3160 1295 3246 Pacuvianumque
1323 3138 1424 3230 1111·1

241 3275 338 3339 batur
365 3274 444 3338 duce
472 3273 608 3339 Charisii
641 3275 749 3340 codice
776 3299 807 3359 p.
830 3278 886 3359 66,
914 3276 1033 3360 2211,
1063 3276 1152 3341 cuius
1181 3277 1281 3342 fidem
1311 3281 1391 3344 sat-is

242 3390 394 3455 evertisse
423 3389 534 3455 videor
563 3391 743 3477 Prolegom.
773 3415 804 3475 p.
827 3404 975 3452 Lxxxvn
1008 3393 1158 3476 visusque
1188 3415 1262 3457 sum
1293 3396 1391 3460 etiarn

242 3504 380 3570 Charisii
408 3506 521 3570 editori
550 3506 665 3570 Keilio.
692 3506 761 3571 Nec
788 3508 861 3592 plus
888 3507 963 3572 fidei
994 3508 1118 3574 Oresten
1149 3509 1201 3573 vel
1232 3511 1391 3579 Aucti-auu

231 3624 362 3687 'formas
386 3623 420 3684 in
443 3622 559 3686 horum
579 3623 707 3706 quidem
731 3627 899 3706 poetarum
923 3623 1050 3708 scriptis
1071 3624 1190 3689 habere
1208 3647 1316 3711 nuper
1339 3628 1391 3693 de

242 3760 330 3801 anum
355 3738 516 3821 disputavi
540 3737 656 3822 Opusc.
679 3738 757 3822 phil.
780 3738 811 3802 11
836 3762 866 3822 p.
890 3740 954 3803 487
980 3739 1053 3803 adn.
1076 3743 1109 3804 et
1131 3740 1197 3805 496
1220 3741 1296 3806 adn.

331 3852 469 3916 Versum
489 3854 553 3917 928
573 3877 636 3937 quo
661 3854 787 3938 saepius
810 3856 917 3919 recolo
941 3855 1136 3939 mchtando,
1158 3877 1196 3920 eo
1220 3858 1302 3924 mihi
1327 3862 1393 3926 val·

242 3968 313 4031 clius
337 3967 481 4033 adridere
509 3970 615 4033 fateor
637 3968 753 4053 Guyeti
780 3970 940 4034 rationem
963 3971 1024 4055 ipsi
1047 3970 1164 4036 Plauto
1187 3972 1269 4038 haec
1293 3977 1393 4041 verba

243 4081 428 4146 tribuentis:

377 4195 438 4260 Sed
458 4198 526 4281 ipse
550 4181 659 4265 tibist?
683 4201 732 4267 Sa.
747 4202 801 4286 pol
815 4201 907 4266 illum
921 4202 1035 4285 reliqui
1050 4202 1090 4266 ad
1105 4202 1392 4273 Rhadamantem

982 4317 1021 4380 iu
1044 4315 1247 4403 Cercopia:
