2932 5452
155 361 253 401 axau
625 329 830 386 Panaenum

245 495 366 561 lterum
387 496 485 561 verba
507 496 758 562 intolerabiliter
781 496 954 561 coniuncta
976 493 1298 563 ostentamenta

151 607 261 689 pendit
283 606 378 687 odda,
400 604 457 668 ubi
480 604 625 689 plerique
648 605 737 670 addit
753 607 970 685 removerunt,
993 604 1059 669 alia
1077 602 1298 669 Fleckeisenus

157 713 344 797 temptavit:
368 712 477 776 omnia
500 713 671 795 perspicua
694 715 780 797 sunt,
802 712 831 776 si
854 710 983 796 quidem
1006 714 1095 776 reete
1113 713 1195 777 moli
1211 712 1300 777 inter

159 821 307 904 pretatus
332 840 402 883 sum
425 818 516 883 aloiti
538 818 558 883 i.
582 840 608 882 e.
632 816 761 899 ‘flocci'3
784 840 860 882 nam
883 818 962 882 mali
977 818 1090 901 pendit
1111 819 1170 903 qui
1192 841 1299 903 parum

158 928 289 1011 poterat
311 924 486 1008 explicare,
509 925 587 988 aro-li
609 925 697 990 adedit
718 926 859 990 correxit
882 925 933 989 vel
957 924 1067 1009 potius
1091 923 1276 1013 corrupit¹)

254 1031 385 1115 Similis,
409 1033 464 1097 sed
488 1033 595 1097 minus
614 1032 753 1116 simplex
772 1055 882 1098 sersus
906 1034 972 1098 880
995 1032 1145 1099 condicio
1170 1038 1230 1119 est,
1251 1033 1301 1098 ubi

159 1142 267 1207 saltem
285 1141 404 1205 alicime
427 1140 471 1203 rra-i
493 1144 554 1203 esto
577 1141 804 1205 consiliarius
827 1140 984 1205 suadente
1007 1141 1174 1207 sententia
1191 1141 1302 1226 scripsi

158 1271 217 1332 pro
245 1269 268 1313 s.
297 1269 326 1312 a.
349 1272 387 1311 ar.
410 1269 433 1311 e.
461 1248 743 1312 manabiaarias:
774 1248 860 1332 quod
889 1270 956 1313 non
986 1248 1067 1314 adeo
1098 1248 1300 1341 temerarium

158 1355 330 1438 videbitur,
353 1355 380 1419 si
404 1355 604 1438 reputaveris
628 1356 775 1439 proximo
790 1378 886 1420 versu
909 1355 1085 1420 desiderari
1109 1377 1159 1421 mc
1180 1378 1242 1421 aua
1256 1354 1300 1421 rel

158 1485 206 1527 eac
226 1464 335 1547 roasa,
359 1462 442 1527 unde
464 1483 561 1526 erraaa
584 1462 664 1528 illud
688 1463 858 1528 defluxisse
881 1458 1046 1548 conicia')

246 1569 371 1634 Eodem
399 1570 535 1636 referam
565 1592 594 1637 v.
618 1572 696 1636 713:
723 1572 798 1636 diem
824 1572 913 1637 leabet
941 1593 1014 1635 cum
1041 1570 1102 1635 alii
1129 1571 1299 1636 deleverint

158 1699 225 1743 non
255 1678 323 1742 sine
343 1679 527 1743 'sententiae
551 1678 754 1757 detrimento,
778 1680 884 1743 verius
907 1678 988 1744 iubet
1001 1699 1115 1743 vocem
1135 1678 1242 1744 omitti
1257 1701 1299 1743 ar·

157 1785 276 1850 bitror:
304 1808 380 1849 nam
409 1787 483 1850 diem
508 1786 596 1849 lasti
618 1785 729 1869 (iubet)
752 1786 804 1850 vix
832 1786 936 1850 lenius
960 1786 1136 1871 aptiusque
1160 1785 1296 1852 emendes

158 1916 254 1978 quarn
278 1915 335 1977 per
358 1894 432 1957 dum
457 1894 576 1957 instat
599 1930 639 1939 —
665 1895 731 1958 isti
754 1894 837 1958 enim
867 1890 930 1975 (sic
958 1890 1029 1979 alii)
1059 1893 1206 1959 abundat
1230 1896 1295 1977 post

157 2000 251 2064 istri-ra
269 1999 428 2082 (exinani)
450 2036 498 2081 —‚
523 2003 558 2063 ut
581 2000 662 2065 tabet
683 2006 740 2066 aut
759 2000 847 2064 verbi
866 2002 964 2066 instat
980 2001 1294 2085 interpretamentum

159 2109 216 2170 aut
239 2128 371 2190 pravum
396 2107 539 2189 corrupti
563 2107 638 2171 iacti
661 2108 920 2192 supplementum
944 2108 997 2173 sit.

247 2212 360 2296 Neque
383 2213 479 2278 aliter
501 2235 629 2278 versum
652 2214 717 2279 458
747 2215 894 2299 expedio:
922 2237 998 2279 nam
1026 2217 1215 2281 ananam
1238 2214 1292 2296 (a

158 2373 240 2457 ieeur)
263 2375 409 2458 quamvis
428 2376 534 2459 possit
557 2375 665 2459 aliquo
689 2375 785 2441 modo
809 2399 847 2441 ex
871 2324 993 2441 tandein
1015 2375 1170 2459 derivari,
1195 2379 1291 2440 temen

159 2481 259 2545 malui
293 2480 333 2545 ad
366 2484 470 2565 tondet
498 2481 638 2565 praedem
671 2482 777 2549 deleto
812 2485 916 2549 dolam
948 2498 1115 2567 revocare,
1154 2505 1224 2549 cum
1251 2482 1289 2546 sic

159 2626 263 2633 -η
276 2627 372 2633 .-

236 2704 262 2767 1)
281 2702 422 2757 lnlelic-ius
442 2705 587 2772 corruptus
607 2703 649 2756 est
667 2722 691 2755 v.
713 2708 747 2756 54
768 2711 817 2757 aut
835 2721 932 2759 ausam
951 2705 1068 2758 ahenam
1087 2702 1235 2772 aliquod.
1250 2697 1287 2751 nbi

160 2785 189 2837 ct
208 2785 326 2836 metrum
348 2784 377 2836 et
394 2783 568 2851 repetitionis
588 2782 718 2836 molestia
742 2784 844 2838 docent
862 2802 895 2838 cx
913 2804 938 2839 v.
959 2793 993 2841 53
1017 2786 1132 2854 aliquod
1149 2781 1286 2852 irrepsisse:

159 2880 245 2931 quare
262 2880 324 2916 curn
339 2865 431 2917 minus
446 2865 504 2917 veri
519 2863 610 2917 simile
629 2863 665 2917 sit
679 2880 711 2917 ex
731 2871 819 2933 empto
837 2868 965 2929 (ancillo)
985 2867 1170 2935 praecedente
1188 2869 1286 2932 namara

159 2943 260 2997 iterum
286 2943 443 3010 iterumque
467 2942 652 3010 supplendam
677 2960 748 3010 csse,
777 2945 812 2998 de
835 2954 946 3014 raptam.
969 2947 1093 3015 cogitavi
1118 2946 1181 2999 coll.
1204 2941 1284 2998 Pseud.

157 3043 182 3079 v.
204 3030 321 3091 655sq.;
342 3026 469 3092 poteram
489 3023 575 3077 etiam
594 3024 716 3076 ablatura
736 3042 838 3092 ponere
859 3026 922 3082 coll.
943 3027 1036 3079 Aulul.
1056 3045 1081 3079 v.
1103 3032 1186 3093 oosq.

231 3107 258 3172 ἓ)
279 3105 347 3157 ltem
369 3122 394 3157 v.
416 3111 467 3157 833
488 3104 582 3158 neseio
607 3123 641 3159 an
666 3106 717 3159 sub
736 3107 896 3174 corruptela
914 3107 1062 3160 manifesta
1081 3108 1171 3161 lateat
1188 3106 1285 3172 antiqua

159 3187 322 3239 correctura.
361 3183 450 3237 Nemo
475 3183 549 3237 enim
570 3185 698 3253 expedire
713 3185 827 3253 potuit,
847 3186 919 3239 unde
939 3188 1030 3240 ortam
1052 3187 1089 3240 sit
1107 3190 1136 3239 ti
1142 3188 1241 3240 err-idus
1256 3189 1285 3238 cel

158 3267 310 3333 inspiratam
341 3281 426 3332 quare
451 3266 500 3317 aut
523 3282 585 3317 cum
610 3271 701 3318 {arieto
725 3264 860 3317 vocabulo
883 3267 968 3318 antea
991 3267 1141 3320 obscurato
1169 3267 1196 3319 in
1221 3263 1284 3318 libris

159 3346 308 3400 cohaerere
327 3347 396 3415 puto
415 3348 540 3398 anteum
558 3347 687 3412 corrupto
706 3344 734 3397 in
754 3363 835 3399 versu
854 3346 1038 3400 antecedente
1059 3349 1113 3401 iam
1132 3348 1229 3415 probus
1244 3349 1282 3397 est:

158 3426 203 3480 cui
228 3445 291 3480 cum
315 3429 344 3479 et
367 3442 448 3479 versu
473 3428 501 3478 et
530 3426 668 3479 sententia
697 3425 830 3479 sualente
858 3427 946 3478 aairai
972 3427 1052 3494 inpos
1080 3425 1284 3481 substituendum

157 3508 250 3574 fuerit,
275 3506 368 3561 nescio
392 3524 427 3560 an
452 3507 565 3559 tt'aridus
588 3522 620 3558 ex
640 3505 758 3572 diarpas
782 3505 942 3574 profluxerit
965 3506 1001 3558 ad
1020 3508 1160 3573 inspectus
1179 3524 1224 3575 pro
1241 3509 1284 3558 ica

155 3589 259 3657 probas
278 3587 425 3655 adscripto.
464 3588 612 3640 Praeterea
631 3588 689 3640 fieri
708 3585 848 3654 potuit-
864 3603 1033 3653 qriamquam
1054 3604 1110 3640 non
1130 3586 1215 3640 ausim
1233 3603 1285 3639 con·

157 3670 271 3722 tendere
305 3698 337 3706 --
371 3668 403 3719 ut
431 3686 455 3719 v.
485 3672 536 3719 485
563 3669 717 3720 monstrum
748 3666 822 3719 vocis
851 3666 1095 3720 mararensium
1126 3698 1159 3706 -
1188 3683 1218 3719 er
1240 3679 1285 3732 quo

158 3748 272 3800 Homeri
296 3747 420 3814 aliquam
444 3746 613 3798 mentionem
639 3746 741 3799 frastra
766 3746 914 3800 extricasse
938 3746 1050 3801 criticos
1074 3748 1157 3800 teneo
1182 3777 1211 3784 —
1232 3743 1285 3797 inde

157 3829 325 3895 prognatum
352 3826 400 3892 sit,
430 3825 503 3892 quod
529 3826 606 3878 leorae
633 3825 661 3877 in
685 3843 709 3877 v.
730 3831 781 3879 487
808 3825 933 3894 margine
961 3824 1123 3892 suppletum
1151 3822 1286 3894 irrepserit

158 3907 255 3975 Neque
275 3905 346 3958 illud
361 3905 533 3959 reticendam
555 3909 605 3971 est,
625 3923 685 3959 eum
706 3905 735 3958 in
755 3923 779 3957 v.
800 3910 833 3957 88
853 3906 983 3972 corrupto
1003 3920 1034 3957 or
1049 3904 1160 3971 syllaba
1177 3904 1286 3960 fluctuet,

157 4006 181 4039 v,
199 3991 232 4039 85
253 3985 404 4040 desiderari
423 3989 517 4052 or(all.
554 3985 661 4040 Deinde
677 4004 701 4038 v.
717 3992 749 4039 21
771 3984 895 4039 omnium
914 3983 1124 4052 corruptissimo
1142 4000 1219 4037 uoces
1236 3998 1284 4035 eam

157 4067 252 4118 uniraa
277 4083 338 4118 curn
363 4082 445 4118 sensu
468 4083 563 4119 cassae
587 4065 656 4132 sint,
681 4066 800 4131 cogitari
823 4067 917 4133 potest
941 4065 974 4118 de
999 4063 1101 4117 lacuna
1123 4083 1148 4118 v.
1168 4071 1200 4117 20
1223 4061 1284 4115 male

157 4145 279 4211 expleta:
311 4146 384 4213 Quid
407 4147 514 4199 irruas?
544 4152 626 4212 (cara
650 4147 761 4198 areima
785 4147 876 4199 istic)
893 4150 1001 4213 superet
1020 4145 1137 4197 irradiari.
1175 4141 1284 4217 Denique

157 4222 210 4273 huc
235 4225 357 4288 pertinet
380 4226 539 4294 exemplum
569 4226 643 4294 quod
663 4225 825 4278 Bueclreleri
850 4225 971 4278 acumini
996 4223 1098 4277 debeo:
1126 4222 1173 4290 qai
1192 4239 1247 4274 cum
1264 4238 1284 4269 r.

157 4306 209 4353 628
233 4302 258 4351 si
281 4304 518 4370 belliqeraadmasl
542 4311 631 4358 toraca
655 4306 815 4359 restitueret
837 4321 888 4372 pro
911 4305 1045 4373 siquidem
1064 4302 1285 4374 belliqeroadamst

157 4386 243 4432 tecam
263 4410 295 4417 -
316 4382 389 4447 quod
410 4401 505 4437 verum
526 4387 608 4453 puto:
635 4400 699 4437 nam
720 4386 765 4438 vix
783 4385 850 4439 ferri
868 4385 961 4453 potest
980 4382 1139 4438 octonarius
1159 4413 1190 4422 -
1208 4387 1283 4435 tumen

155 4458 226 4512 illud
246 4456 318 4510 vidit
336 4464 364 4513 et
383 4468 469 4515 tecam
488 4466 517 4516 ot
534 4466 640 4532 qraeidem
660 4483 757 4534 parere
776 4463 907 4535 potuisse.
