2932 5452
127 790 151 858 1,
164 797 189 858 a,
203 796 312 846 sa-ss
569 791 789 847 ra1nvunvs
1208 797 1247 862 91

127 965 190 1030 'um
211 968 313 1056 igitur
334 989 439 1054 aquas
461 967 523 1031 erit
544 967 604 1032 tibi
626 967 756 1051 cupido,
771 964 826 1053 qui
849 968 1033 1052 restinguas
1058 968 1192 1056 [boios]:
1216 983 1250 1031 55

130 1085 208 1163 tque
230 1079 258 1142 si
280 1078 346 1143 eris
368 1081 501 1160 natatus,
523 1079 660 1164 proinde
682 1087 719 1143 ut
740 1081 835 1144 obrde
858 1088 1004 1170 amantes
1026 1083 1103 1147 srint
1124 1082 1206 1162 cati,

127 1189 152 1253 ib
176 1189 353 1255 scintillam
375 1188 506 1276 quidem
528 1188 705 1276 relinques,
728 1193 831 1274 genus
853 1191 908 1276 qui
932 1190 1112 1276 conglisott
1133 1201 1233 1258 tuom.

589 1336 752 1390 Lasaouravs

127 1428 195 1495 'teil
217 1440 268 1496 est
289 1433 440 1497 inuentai:
464 1430 563 1498 datur
583 1432 684 1516 ignis,
707 1441 775 1496 tam
798 1432 860 1497 btsi
883 1433 924 1498 ab
948 1418 1077 1497 inimieb
1101 1445 1204 1519 petas.

127 1541 170 1606 ed
186 1550 222 1607 tu
237 1542 415 1628 obiurgans
430 1565 482 1608 me
498 1543 676 1628 spurcatis
692 1543 781 1630 rapis
798 1543 991 1609 deteriorem
1007 1547 1040 1608 in
1054 1543 1153 1608 niam.
1185 1544 1249 1609 680

127 1652 213 1718 [eam
229 1676 372 1720 sororem
387 1655 447 1721 tibi
462 1655 535 1720 dem
552 1654 669 1719 suades
686 1658 755 1719 sine
771 1656 856 1719 doto.
880 1655 952 1736 aha,
968 1677 1032 1719 non
1048 1657 1202 1722 conuenit
1216 1669 1248 1717 55

127 1765 165 1842 Ie,
191 1768 246 1851 qui
269 1775 392 1832 tantam
415 1766 538 1832 abusus
561 1788 633 1831 sum
656 1788 723 1830 rem
745 1767 902 1853 patriam,
926 1789 1022 1856 porro
1045 1769 1079 1832 in
1101 1767 1191 1832 ditiis

127 1953 317 1961 ———-.

127 2092 176 2145 tem
193 2091 260 2146 abia.
278 2109 304 2146 a.
324 2094 391 2145 1855
403 2094 512 2159 15589.-
529 2097 658 2146 neutram
671 2093 859 2159 probabiliter.
873 2093 902 2146 Si
913 2094 986 2148 istuc
999 2095 1101 2163 (souitu
1115 2096 1246 2165 expetis),

127 2176 248 2230 taenari
265 2176 334 2231 faris
352 2176 496 2243 indicium,
515 2178 536 2230 t.
554 2178 571 2230 i.
589 2196 616 2245 g.
633 2176 764 2232 Batinus:
782 2180 856 2246 itera,
873 2179 921 2234 sed
938 2180 966 2233 te
985 2180 1018 2233 ut
1030 2197 1084 2248 pro
1102 2182 1135 2235 ut
1150 2183 1249 2236 substi-

127 2279 193 2328 nens,
210 2262 437 2330 Lindenmunaa,
458 2280 560 2317 conare
579 2265 608 2315 et
622 2278 675 2328 pro
693 2280 793 2316 conara
813 2265 940 2319 Brixiae.
960 2264 989 2318 Si
1007 2267 1079 2320 istuc
1098 2284 1198 2321 conare
1217 2269 1249 2320 ut

127 2348 171 2400 eis
194 2348 233 2400 mi
255 2348 404 2415 indicium,
425 2351 445 2404 t.
465 2350 483 2404 i.
501 2368 528 2418 g.
546 2348 739 2402 Hermanuus:
756 2350 834 2415 itam,
857 2351 914 2403 n-r'sr'
931 2352 1004 2419 quoa
1022 2368 1095 2403 nuno
1113 2351 1181 2405 facis
1195 2368 1249 2420 pro

127 2433 170 2486 ais
183 2450 238 2499 mo,
251 2433 281 2487 R
292 2435 365 2488 olim.
378 2434 505 2489 Fallitur
517 2434 551 2488 da
562 2434 605 2489 br's
617 2438 641 2488 rt
655 2435 794 2502 proximis
807 2435 965 2490 Gronovius
978 2437 1084 2491 Obaaro.
1097 2436 1153 2504 IV,
1164 2442 1181 2491 3

127 2524 159 2572 Vb.
172 2536 262 2586 aquae
276 2519 330 2572 erit
347 2520 399 2574 tibi
412 2521 441 2573 Ἐ
454 2521 561 2589 Probra.
577 2535 605 2586 p.
620 2530 727 2571 courir:
745 2521 796 2573 tibi
815 2538 904 2588 aquae
918 2522 973 2574 orit
985 2522 1083 2575 Densa
1095 2523 1190 2578 Piaat.
1204 2541 1248 2577 aa·

127 2604 177 2656 'aa
192 2603 241 2656 IV
239 2645 247 2669 ‚
258 2607 301 2657 24.
315 2605 366 2656 tibi
380 2605 492 2673 squerit
503 2605 538 2659 B.
554 2604 606 2658 tibi
619 2606 712 2672 querit
726 2605 815 2659 ΘΗΚ
830 2606 880 2658 tibi
894 2608 986 2682 querit
998 2608 1029 2661 Z.
1042 2607 1095 2660 tibi
1108 2624 1182 2675 aqua
1194 2611 1249 2662 orit

127 2690 294 2743 sarmatius:
312 2705 365 2758 quo
382 2695 488 2744 seruato
505 2691 588 2744 simut
600 2690 707 2758 Cupido
719 2691 848 2754 Bririus,
859 2691 1011 2744 sententiaa
1022 2692 1249 2759 interpretatione

127 2775 283 2843 'artissima
370 2777 419 2843 qui
437 2776 596 2845 restinguas
615 2776 710 2843 [ocius]
730 2775 759 2827 'R
777 2776 1125 2843 areraptr'aaussa.gen11s
1139 2778 1187 2845 qui
1207 2797 1247 2831 re-

127 2851 227 2929 inguat
246 2863 326 2913 trium
352 2860 431 2925 libri,
454 2861 542 2914 verbis
564 2878 578 2914 5
599 2878 623 2914 a.
641 2865 692 2915 675
716 2865 740 2913 et
762 2864 816 2914 678
836 2865 887 2912 aut
910 2878 1001 2914 erroro
1018 2866 1068 2914 aut
1086 2864 1248 2930 explicandi

127 2962 202 3000 mssa
219 2947 344 3013 repetitis
429 2951 486 2999 677.
505 2945 605 3013 Adquo
626 2946 655 2998 0.
674 2945 762 3012 Atqui
781 2945 892 2999 55155
961 2946 983 2998 si
1002 2946 1056 3000 eris
1073 2963 1134 3001 eam
1151 2948 1247 3002 Raima

127 3032 291 3086 [numanus.
309 3031 364 3083 erit
382 3031 401 3083 a
420 3031 492 3083 tibrt'.
512 3031 566 3083 eris
584 3031 606 3082 si
624 3028 761 3099 Sentium,
780 3032 935 3085 Lambinus
1003 3033 1077 3101 copti
1096 3034 1123 3086 Z
1188 3040 1247 3088 678.

127 3117 146 3170 'e
170 3116 322 3170 scintillam
347 3116 530 3170 Camerarius.
555 3115 747 3170 Notointiilam
766 3117 801 3170 B.
829 3116 963 3170 Nesciunt
988 3117 1065 3170 iliam
1095 3118 1189 3175 ODF
1212 3124 1247 3184 et,

127 3204 158 3256 'ai
176 3202 250 3269 quod
267 3201 357 3265 illum,
376 3202 402 3253 Ζ
469 3201 527 3271 qui]
546 3202 622 3269 quod
635 3201 665 3254 F
730 3202 884 3270 congliscat
898 3202 1082 3256 Camerarius.
1100 3203 1248 3258 coneliseat

127 3292 136 3341 t
156 3287 293 3340 conclutit
310 3287 399 3339 ceteri.
417 3304 452 3339 ns
471 3286 571 3355 gliscat
584 3287 764 3341 Harmauaus
833 3294 889 3342 679.
909 3287 957 3339 th.
975 3305 1024 3341 om.
1044 3288 1104 3341 FZ
1171 3287 1246 3343 Fusii
1301 3328 1305 3336 .

127 3375 144 3424 rt
165 3373 284 3424 inueutu
304 3371 333 3423 Ἠ
350 3371 375 3424 b.
395 3388 415 3425 5.
440 3372 543 3424 facilist
565 3373 697 3436 inuenta,
716 3373 789 3441 quod
807 3376 898 3440 ipsum
918 3374 1072 3427 Lambinus
1089 3375 1191 3428 nolu-it:
1208 3376 1248 3428 ad

127 3474 196 3510 rrum
219 3457 292 3509 ratu
314 3456 526 3509 similitudinem
549 3473 619 3523 qaae
642 3458 741 3524 Optare.
760 3460 829 3524 part.
855 3459 895 3511 Il
910 3476 939 3526 p.
963 3463 1020 3512 331.
1043 3462 1097 3513 452
1119 3462 1245 3513 tractavi.

127 3541 195 3595 acilo
218 3542 260 3594 est
282 3541 400 3593 inuenta
424 3541 496 3593 libri.
520 3540 613 3594 Facile
636 3542 753 3596 inuentu
773 3546 829 3609 est,
852 3544 951 3609 fallaci
969 3546 1122 3599 testinmnio
1140 3551 1247 3600 5555555

127 3627 237 3680 'aditum
254 3627 286 3679 in
298 3626 335 3691 B,
353 3626 529 3693 reprobabam
547 3625 655 3695 Probra.
675 3644 705 3694 p.
725 3639 817 3678 55111111
824 3638 878 3677 rm
892 3630 960 3682 conl.
975 3646 1004 3696 p.
1024 3641 1172 3695 aaarrt'rr,
1190 3637 1247 3685 rae-

127 3717 185 3765 atur
203 3711 318 3765 dabitur
336 3727 390 3778 pro
408 3712 491 3763 datur
508 3713 675 3767 substituens
698 3713 728 3766 C.
747 3714 782 3766 F.
799 3713 980 3768 Harumnaus
998 3716 1033 3782 (o.
1048 3716 1140 3783 praef.
1158 3716 1250 3772 Str'cbt

147 3798 214 3864 m)
295 3796 406 3849 bometti
426 3796 490 3850 ΕΖ.
508 3799 604 3850 tamen
622 3800 651 3851 et
674 3800 692 3852 ri
711 3797 804 3851 Bor)
885 3799 920 3850 ab
941 3815 1072 3865 suprrsrr.
1093 3800 1193 3854 Orod.
1211 3820 1244 3855 nr.

186 3882 300 3936 inimico
320 3882 357 3934 Ἠ.
375 3881 504 3934 inimicos
517 3881 618 3935 BGD.
638 3884 758 3936 inimicis
774 3883 833 3935 ΡΖ
921 3889 980 3937 680.
998 3884 1047 3935 LE.
1061 3887 1246 3951 praemittunt

127 3968 162 4021 'Z
229 3966 306 4034 rupis
320 3966 386 4020 FZ.
405 3967 511 4035 rapidis
525 3967 617 4021 Boo
695 3974 753 4023 681.
771 3984 894 4021 sororem
915 3967 1048 4037 Guyrtus,
1065 3968 1186 4022 Rarius.
1207 3971 1249 4021 uis

127 4071 223 4107 rorem
242 4052 321 4105 trbrr':
339 4068 392 4120 qao
408 4058 515 4106 seruato
526 4052 646 4107 Botbius
655 4053 763 4107 suades
777 4054 872 4121 statius
884 4053 989 4107 ualebat
1000 4054 1040 4105 sic
1051 4058 1246 4120 tramponans:

127 4141 194 4193 'eam
213 4154 336 4191 sororem
354 4138 397 4188 uis
414 4136 467 4189 tibi
485 4137 550 4190 dem
628 4144 691 4205 post
709 4139 775 4192 dote
792 4155 909 4192 vacuum
927 4138 1048 4205 spatium
1069 4136 1099 4202 G,
1113 4143 1176 4205 post
1193 4138 1245 4191 hue

146 4226 171 4278 0
188 4229 212 4277 rt
231 4223 261 4277 D
363 4221 418 4276 aha
435 4222 581 4289 Har-aptius
599 4224 674 4279 Mus.
692 4225 779 4278 Rara.
802 4224 866 4276 VII
880 4240 910 4290 p.
928 4227 1037 4288 17551
1056 4239 1079 4276 o.
1097 4226 1155 4278 649,
1175 4224 1212 4276 ha
1229 4243 1246 4277 a

127 4318 136 4363 ¹.
154 4310 207 4362 hae
228 4306 294 4361 01).
313 4306 365 4359 hoe
384 4306 448 4360 FZ.
469 4309 499 4360 at
516 4297 547 4360 ’Β
563 4309 628 4362 olim
722 4310 906 4363 uastantem
925 4308 1027 4361 oblisus
1045 4326 1106 4360 sum
1126 4326 1185 4361 rem
1203 4311 1245 4363 Ἡ.-

127 4397 169 4450 asr?
187 4394 251 4462 auia
271 4393 342 4458 forta
365 4392 468 4445 5115555
490 4394 597 4447 mamm
616 4412 677 4448 sum
695 4411 755 4447 rem
778 4394 926 4459 maluerit).
945 4393 1046 4446 abusus
1061 4397 1119 4448 sum
1137 4395 1244 4448 brutum

127 4500 160 4534 uu
188 4479 255 4534 labri
282 4477 350 4544 (niet
373 4478 447 4545 quart
469 4477 548 4530 tante
571 4480 624 4545 BJ:
651 4479 725 4547 qaod
746 4479 795 4532 uia
816 4482 886 4531 reato
909 4478 1071 4532 saumatam
1088 4480 1197 4549 Protea.
1215 4497 1244 4548 p.

127 4576 247 4619 15111511,
266 4562 368 4616 abusus
385 4563 496 4616 tantam
514 4581 572 4616 rem
591 4582 651 4616 sum
671 4564 877 4618 Fleckeiseuus:
898 4562 1009 4631 [abusus
1027 4581 1088 4617 som
1107 4582 1166 4618 rom
1185 4568 1245 4619 tau-

127 4663 158 4697 ¹m
177 4645 325 4717 Romamn
343 4653 440 4702 neuter
457 4664 513 4702 meo
530 4665 611 4703 serron
624 4649 814 4714 probabiliter,
834 4650 945 4716 quando
962 4654 1020 4703 tam
1037 4655 1103 4704 suat
1115 4667 1170 4718 pro
1187 4669 1245 4705 aaa

127 4731 210 4785 rtr'oue
227 4749 287 4786 rem
307 4733 437 4801 patriam,
455 4739 486 4786 at
504 4735 552 4786 atr
569 4734 666 4786 <tinelli
680 4735 788 4801 possint
851 4734 927 4788 ditiis
942 4740 1003 4803 post
1023 4735 1162 4804 Guartum
1173 4736 1243 4791 Har·

127 4833 226 4872 arsuras.
247 4816 356 4871 diuitiis
372 4818 447 4883 libri,
465 4820 521 4872 nisi
539 4819 611 4886 quod
629 4818 740 4872 diuitiis
757 4819 780 4872 G
888 4848 895 4859 ·
