2932 5452
158 713 171 767 1
192 720 218 782 a,
234 713 476 785 εο-ε3[1,ωι)ι·.]
599 711 863 768 eavevaeuevs

651 873 816 928 Daemones

159 987 1142 1025 assessurae

655 1088 813 1142 Asraemvn

157 1176 237 1242 Non
259 1175 375 1261 istaec,
400 1200 472 1244 mea
494 1177 698 1264 benigniias,
721 1177 829 1244 decuit
851 1182 883 1243 te
906 1178 1062 1262 fabuliri,
1282 1200 1308 1239 eo

160 1281 226 1347 Sed
250 1284 345 1368 istis,
368 1286 423 1368 qui
447 1306 519 1348 cum
543 1282 647 1369 geniis
671 1284 738 1349 suis
762 1284 959 1370 belligerant
982 1285 1192 1371 parcepremi.

651 1403 819 1460 Dmmscuve

160 1497 281 1563 Mali's
305 1502 403 1582 atque
427 1496 538 1562 eadem
562 1499 645 1582 quae
668 1498 753 1561 soles
776 1498 954 1563 inlecebra!

657 1620 814 1673 Arvernam

318 1779 320 1783 ,
961 1711 1009 1777 Vt
1028 1714 1233 1798 exspectatus
1258 1727 1307 1776 185

159 1816 301 1902 Peregre
325 1816 498 1882 iduenisti:
523 1839 597 1881 nam
621 1817 801 1901 ‹ibsequens
828 1819 980 1902 cupiebat
1002 1824 1036 1884 te
1060 1842 1115 1885 era
1136 1820 1257 1885 uidere.

159 2059 274 2123 mmmm
292 2055 417 2124 iinpuam
436 2054 524 2127 [quod
543 2054 615 2109 dabo
636 2053 737 2123 (dabit)
752 2079 786 2098 =
801 2054 874 2121 quod
899 2054 963 2109 dem
988 2055 1086 2126 (det)],
1109 2055 1240 2125 Buppins
1257 2072 1309 2109 me·

159 2139 237 2188 trum
254 2135 368 2203 insuper
386 2137 501 2190 oiolaait
520 2134 634 2200 (‘Aman
657 2133 713 2186 me’
740 2134 764 2187 si
783 2135 858 2203 quod
877 2135 950 2190 dabo
965 2137 1020 2190 nim
1039 2138 1096 2202 eet,
1119 2140 1152 2205 nt
1168 2140 1232 2188 autc
1249 2151 1309 2188 eum

160 2213 262 2268 Densa
279 2213 407 2269 Amnntis
437 2215 460 2269 ei
487 2214 535 2283 qui
555 2214 622 2267 dent
640 2229 695 2267 non
714 2212 820 2266 habent
843 2215 986 2283 sareanen
1011 2232 1097 2285 meque
1114 2220 1204 2268 tamen
1226 2215 1307 2267 satie-

159 2293 286 2359 fecerum
303 2295 458 2348 sentcntiae.
493 2294 565 2347 Olim
588 2310 649 2347 cum
672 2293 799 2347 licentius
821 2298 846 2346 et
868 2295 1029 2349 mutaverim
1048 2300 1072 2348 ct
1095 2295 1309 2362 transposuerim

156 2377 222 2442 post
236 2377 291 2427 184
309 2389 428 2440 aereum,
447 2374 503 2427 iam
518 2390 550 2426 ee
563 2389 587 2428 a.
598 2378 653 2428 183
663 2388 700 2441 sq.
716 2373 845 2427 lacunam
860 2376 1033 2429 statmndam
1046 2375 1181 2440 intellecti,
1203 2375 1236 2429 rie
1253 2391 1309 2442 qua

160 2468 224 2507 cnm
241 2453 299 2505 iam
316 2450 454 2521 Berpicius
475 2453 493 2506 1.
516 2468 537 2506 e
556 2467 578 2506 e.
593 2469 623 2521 p.
643 2458 698 2507 132
713 2468 750 2520 eq.
781 2452 896 2520 itemquae
928 2452 970 2507 W.
1001 2452 1180 2522 W(apnerns)
1202 2453 1220 2508 l.
1243 2468 1264 2507 s.
1289 2469 1312 2506 s.

156 2550 188 2602 p.
208 2536 282 2586 1044
300 2534 463 2602 copitareut,
481 2549 584 2601 parum
608 2537 743 2586 eruerunt
760 2532 957 2586 sententiarum
983 2534 1125 2586 rationem.
1159 2533 1240 2586 Illud
1261 2534 1311 2587 dic-

160 2613 229 2666 dum
249 2617 448 2681 perspexerunt
472 2614 563 2667 critici
588 2611 709 2666 fabulari
735 2611 787 2681 [sic
811 2613 853 2677 A,
881 2618 913 2665 ut
939 2614 1018 2678 infra
1044 2629 1140 2667 enarres.
1181 2613 1307 2667 fabulare

161 2692 261 2746 BLZ.
294 2691 429 2748 Fabulare
450 2693 519 2759 01),
537 2710 606 2762 qnae
624 2695 687 2762 ipsa
704 2693 856 2757 formarum
874 2693 1061 2760 discrepantia
1079 2694 1168 2747 natio
1187 2710 1226 2746 an
1243 2695 1308 2746 olim

161 2772 250 2825 locam
264 2774 480 2844 perturbaverit]
499 2775 569 2827 male
587 2790 621 2826 ea
638 2790 662 2828 a.
680 2775 736 2826 182
746 2777 921 2840 pracceptum
936 2788 1003 2826 esee:
1021 2771 1215 2842 philosophari
1230 2772 1307 2825 Goel-

160 2854 235 2907 lerue
249 2856 396 2924 proposuit
418 2855 477 2909 sine
493 2854 642 2908 semoniae
661 2853 849 2916 emolumento,
868 2851 979 2920 quidem
999 2853 1109 2907 adulari
1125 2852 1272 2922 Maeitlpus
1290 2853 1308 2905 1.

163 2949 185 2986 s.
204 2949 227 2988 s.
247 2950 308 2989 cum
327 2934 437 3003 linpnac
455 2934 620 2988 detrimento.
654 2932 704 2986 Sic.
718 2932 774 2997 iere
792 2931 880 2984 iocum
898 2933 1030 3001 retiapas:

271 3012 338 3067 Asc.
359 3011 491 3080 amantis,
510 3012 601 3079 siqui
620 3027 675 3064 non
694 3011 812 3078 danunt,
831 3028 886 3064 non
905 3011 991 3066 didici
1011 3012 1175 3068 sublestate.

269 3088 338 3144 Dm.
357 3092 461 3145 amanti
481 3108 553 3159 qnae
572 3089 662 3161 parcit
680 3106 792 3159 parum,
810 3107 867 3144 non
886 3089 985 3146 didicit
1003 3095 1079 3146 reete
1098 3108 1200 3147 amare.

159 3170 307 3226 nondidici
327 3171 354 3225 0.
388 3172 494 3227 edidici
512 3173 542 3226 D
644 3178 702 3226 183.
722 3186 779 3225 non
798 3171 855 3224 OD
948 3185 1056 3226 esseae
1075 3174 1111 3227 Λ.
1142 3171 1214 3226 isteo
1232 3172 1311 3226 ceteri

158 3251 341 3321 (nonieteeO)
391 3266 504 3306 oneror
524 3253 560 3305 A.
589 3251 685 3305 docuit
704 3254 784 3305 ceteri
802 3251 936 3321 (docuitte
953 3253 996 3321 0),
1014 3254 1088 3307 unde
1105 3257 1309 3320 ansus183eq.

158 3335 233 3388 maie
250 3333 398 3386 intellectos
422 3332 575 3387 Diniarchi
593 3349 646 3386 cese
664 3336 728 3386 ante
748 3332 966 3387 Stuaemundum
985 3334 1128 3388 credebant
1183 3339 1242 3389 184.
1262 3333 1331 3443 sed(

159 3414 220 3468 01)
293 3411 342 3466 isti
361 3412 536 3467 Camerarius
626 3413 745 3477 Quicum
765 3411 793 3465 0.
827 3411 880 3476 Qui
900 3411 933 3465 cii
954 3412 984 3465 D
1081 3427 1186 3481 oenus
1204 3415 1231 3467 A
1251 3429 1311 3467 cnm

159 3494 195 3549 Ζ.
229 3490 310 3562 genis
333 3493 413 3545 ceteri
528 3509 611 3561 parce
641 3493 706 3566 pmi
731 3492 765 3547 Β.
802 3506 886 3558 parce
916 3491 1007 3560 promi
1034 3492 1159 3549 ΟΜΖ.
1200 3506 1310 3557 lanea-

158 3582 277 3652 enoui's
296 3599 336 3663 A,
354 3599 427 3653 mide
441 3602 519 3667 patet
536 3600 627 3667 ipsum
646 3600 703 3653 cod.
714 3598 898 3652 Atibrarium
912 3604 1023 3668 practer
1046 3601 1229 3653 necessitatem
1243 3599 1310 3652 istos

155 3679 323 3748 pronomini
341 3679 458 3744 formam
481 3680 692 3734 accommodasse
784 3680 842 3729 185,
861 3690 985 3731 masos
1003 3680 1038 3732 A.
1071 3680 1148 3733 Mala
1166 3697 1195 3734 ee
1214 3679 1310 3732 Rau.

158 3759 270 3814 malaes
290 3757 318 3831 0.
351 3759 429 3812 mala
448 3774 477 3812 es
496 3759 525 3811 D
584 3773 651 3822 Ana·
667 3759 694 3811 A
749 3771 937 3820 salomonen
957 3759 984 3811 A
1007 3776 1069 3812 cum
1088 3760 1120 3813 Z.
1154 3760 1251 3826 eadem
1275 3759 1311 3812 B.

159 3838 307 3907 eadeqvo.
323 3838 476 3907 eademque
495 3839 557 3892 DL
621 3838 699 3892 Soles
719 3837 775 3892 01)
829 3851 1002 3889 maecenas
1021 3840 1047 3890 A
1066 3854 1127 3891 cnm
1145 3838 1209 3891 LZ.
1243 3836 1311 3888 inle-

158 3918 329 3974 eemeD.
361 3917 545 3972 inlecebriiG.
575 3916 834 3985 elecebraScalipcr
889 3929 1143 3971 oeaxrseaceaeos
1153 3917 1188 3972 A.
1221 3919 1253 3967 ut
1268 3934 1311 3969 ex·

158 4017 295 4086 pechatos
313 4015 437 4069 BOLZ.
480 4018 512 4069 ut
535 4004 669 4085 expectat'
693 4017 725 4069 ui
743 4002 878 4084 expectat’
897 4015 927 4069 D
996 4021 1055 4072 186.
1074 4029 1190 4084 peregre
1210 4012 1267 4065 01)

158 4095 200 4149 οὗ,
218 4095 255 4147 Β.
274 4095 370 4153 omL
451 4096 607 4164 obsequens
626 4094 670 4150 ii.
704 4096 819 4151 obsecro
843 4085 910 4148 libri
927 4111 989 4149 cum
1003 4095 1038 4149 A.
1071 4095 1140 4149 Loci
1158 4094 1313 4159 difficulta-

159 4180 216 4229 tem
230 4175 341 4242 primus
359 4176 443 4229 soant
461 4175 622 4240 Acidaliae,
641 4193 722 4244 orcam
737 4183 827 4230 tamen
845 4192 902 4229 non
920 4177 1020 4230 rectius
1038 4175 1150 4228 rernooit
1167 4175 1312 4243 quartani

159 4272 225 4309 mam
243 4257 329 4309 secuti
346 4260 411 4310 eunt
432 4254 549 4321 Parcus,
568 4255 713 4321 Gruterus,
731 4256 863 4324 Gupetus,
881 4256 940 4309 alii.
982 4255 1100 4308 Bothius
1125 4254 1179 4307 Ain
1198 4253 1312 4307 obsecro

162 4336 325 4389 Diniarcho
343 4337 456 4401 tribuit,
480 4336 640 4405 Speapelins
662 4336 737 4388 Num
761 4335 875 4390 obsecro
899 4336 1019 4390 scribens
1042 4333 1175 4403 cupiebat
1196 4349 1241 4386 me
1265 4349 1312 4385 ere

163 4415 265 4468 uidere
284 4417 431 4482 adiuneit,
449 4418 522 4485 qnod
536 4432 597 4469 cnm
614 4417 684 4482 ferri
701 4433 758 4471 non
774 4433 852 4485 posse
870 4416 1019 4485 Seyffertns
1037 4421 1100 4483 apte
1118 4416 1313 4469 dcraonstraret

164 4495 200 4548 in
222 4492 325 4550 Phiioi.
345 4501 363 4549 t.
385 4497 500 4549 XXIX
520 4501 557 4561 (a.
578 4501 664 4562 1870)
678 4514 708 4563 p.
723 4502 778 4550 409
797 4513 881 4563 quam
901 4497 1016 4550 obsecro
1035 4497 1162 4550 coniecit:
1181 4501 1210 4549 at
1228 4512 1262 4549 nc
1275 4496 1315 4549 sic

162 4575 273 4642 quidem
291 4575 406 4629 obsecro
424 4577 495 4641 ferri
509 4581 611 4642 potest,
630 4579 697 4644 quia
711 4578 775 4631 truie
789 4577 983 4631 reclamationi
1000 4593 1057 4630 nom
1071 4578 1141 4630 inest
1154 4577 1312 4646 interpella·

166 4656 212 4708 tie.
245 4655 312 4708 Non
321 4656 409 4724 erupis
422 4656 562 4723 proculcant
576 4658 675 4724 ortibus
688 4658 816 4726 cecropiis
831 4657 981 4725 Lanpenus
998 4658 1109 4723 defendi
1122 4662 1207 4726 putat
1225 4659 1311 4711 tradi-

165 4739 222 4790 tam
239 4737 408 4805 scripturam
427 4738 443 4788 1.
463 4752 483 4790 s.
503 4752 523 4788 s.
539 4752 569 4803 p.
589 4741 693 4805 323eq.
728 4737 827 4790 Paullo
840 4738 937 4790 melius
951 4737 1103 4806 chpertus
1121 4753 1186 4791 nam
1206 4738 1309 4806 oppido

167 4817 313 4884 scripserat
384 4815 522 4885 cupiebat
541 4816 616 4869 01)·
668 4820 736 4873 hera
754 4817 812 4870 ΒΖ
