2932 5452
563 793 771 851 PRAEFATIO
1180 800 1242 854 LlX

94 980 205 1041 temen
232 977 318 1040 recte
345 974 411 1039 iam
433 973 552 1039 Italum
580 977 793 1040 correctorem
820 976 1030 1041 interstitium
1053 1000 1241 1045 scaenarum

94 1090 264 1157 sustulisse
286 1090 363 1155 inde
384 1090 578 1177 perspicitur
601 1091 686 1176 quod
705 1091 811 1157 altero
835 1092 916 1176 loce,
939 1116 967 1157 v.
982 1094 1056 1177 392,
1078 1095 1134 1159 ubi
1157 1097 1243 1161 inter

94 1206 258 1272 Philtonis
290 1205 470 1272 orationem
502 1210 535 1271 et
566 1227 756 1293 praegressa
791 1207 935 1273 diverbia
965 1231 1098 1294 prorsus
1130 1212 1241 1277 eadem

94 1323 179 1389 ratio
207 1322 391 1407 intercedit,
417 1322 552 1387 eandem
580 1344 730 1388 scaenam
757 1324 804 1408 B,
832 1324 978 1408 quamvis
1006 1325 1078 1410 ipso
1106 1327 1186 1393 adeo
1210 1329 1242 1393 A

95 1437 316 1535 dissentiente,
338 1459 451 1522 reapse
475 1437 653 1503 continuat.
677 1437 776 1504 Cuius
803 1439 877 1504 libri
901 1444 1024 1525 quanta
1046 1442 1081 1506 in
1103 1442 1165 1508 hoc
1189 1465 1242 1529 ge·

94 1576 173 1620 nere
199 1554 279 1620 fides
301 1553 358 1639 sit,
384 1574 512 1618 rursum
538 1554 615 1619 hine
643 1554 762 1641 conligi
785 1558 906 1640 potest,
934 1557 1019 1641 quod
1043 1579 1153 1623 esrum
1176 1563 1241 1624 tur-

95 1671 221 1755 barum,
243 1691 325 1755 quae
348 1673 382 1735 et
403 1692 433 1734 v.
455 1671 519 1735 301
549 1674 581 1735 et
604 1671 669 1736 862
692 1670 838 1736 codicum
861 1671 926 1737 OD
948 1694 1134 1737 communes
1157 1678 1243 1757 sunt,

95 1808 164 1852 uns
185 1807 258 1851 cum
281 1786 314 1851 A
335 1785 487 1850 immunis
515 1787 643 1852 mansit.
671 1786 875 1871 Omninoque
902 1810 920 1851 e
947 1788 1041 1852 metri
1064 1789 1242 1854 mutatione

96 1924 167 1969 non
189 1905 239 1967 est
261 1900 435 1966 mutandae
459 1923 594 1967 scaenae
618 1925 732 1968 caussa
755 1902 942 1986 repetenda:
966 1906 1015 1987 ut,
1038 1904 1065 1968 si
1088 1927 1108 1967 a
1131 1927 1159 1968 v.
1178 1906 1242 1969 392

97 2022 133 2084 et
149 2019 215 2085 998
239 2040 340 2083 novas
364 2039 497 2082 scaenas
521 2017 656 2102 ordiare,
678 2018 790 2082 eodem
813 2018 882 2083 iure
905 2018 1003 2083 etiam
1022 2016 1242 2104 Megaronidis

98 2157 129 2199 v.
154 2134 217 2199 199
241 2133 345 2199 oratio
369 2133 465 2197 simili
488 2133 659 2198 intervallo
678 2133 719 2197 ab
743 2134 789 2197 eis
813 2155 894 2217 quae
917 2134 1115 2218 praecedunt
1137 2156 1242 2219 segre·

98 2253 204 2336 getur.
227 2248 377 2314 Ceterum
400 2248 485 2314 idem
508 2249 561 2313 ille
584 2248 687 2313 ltalus
710 2252 880 2333 corrector,
903 2250 930 2313 si
953 2272 972 2313 a
995 2273 1024 2313 v.
1038 2249 1104 2313 392
1127 2249 1243 2314 disces·

96 2365 192 2449 seris,
213 2365 248 2429 in
271 2363 299 2430 Ο
305 2364 340 2430 D
361 2367 494 2450 peccata
521 2364 699 2429 rectissimo
723 2364 841 2430 iudicio
865 2365 1003 2430 correxit
1025 2365 1146 2430 omnia:
1179 2365 1242 2430 sin-

96 2480 203 2566 gulari
235 2483 345 2544 tamen
377 2502 484 2545 errore
516 2502 618 2545 novas
650 2480 761 2544 turbas
794 2502 822 2543 v.
862 2480 956 2545 1115.
996 2482 1081 2545 1120
1113 2481 1243 2545 invexit.

96 2595 200 2672 Quem
228 2596 262 2661 in
291 2597 440 2661 omnibus
467 2597 617 2680 princeps
645 2595 743 2660 editio
772 2598 882 2659 secuta
910 2599 972 2680 est,
999 2619 1016 2660 e
1044 2620 1109 2680 qua
1136 2618 1241 2660 recen·

95 2712 181 2779 tiore
203 2712 397 2796 exemplaria
419 2712 570 2796 pendent

186 2827 308 2904 Quodsi
332 2828 403 2911 quis
426 2832 535 2892 tamen
558 2827 688 2912 regulae
716 2827 919 2891 constantiae
946 2828 1055 2892 nescio
1080 2850 1143 2911 quo
1167 2850 1241 2891 eon-

96 2943 168 3009 silio
196 2942 361 3008 licentiam
389 2944 553 3009 varietatis
582 2942 770 3028 praetulerit
798 2938 923 3028 (virleor
950 2944 1035 3007 eninr
1059 2945 1241 3007 meminisse

96 3059 164 3124 eius
188 3059 277 3124 modi
304 3059 425 3143 aliquid
453 3059 570 3123 alicubi
594 3081 645 3123 me
668 3056 803 3144 legere),
831 3058 881 3121 vel
904 3061 971 3122 tam
994 3059 1148 3143 peculiari
1172 3082 1241 3123 sen·

96 3175 146 3239 sui
170 3197 208 3240 eo
238 3175 440 3240 satisfactum
468 3197 537 3239 esse
561 3173 734 3257 videbitur,
758 3174 842 3257 quod
867 3173 1003 3259 singulis
1026 3175 1061 3238 in
1084 3175 1163 3239 loeis
1186 3176 1242 3239 ali·

96 3291 174 3375 quid
197 3291 360 3355 intervalli
383 3313 520 3355 vacuum
543 3289 667 3373 reliqui,
686 3288 741 3352 ubi
764 3289 819 3352 ille
842 3311 999 3354 novarum
1023 3313 1103 3374 quas
1127 3292 1242 3375 probet

96 3428 287 3471 scaenarum
316 3428 468 3471 numeros
495 3407 668 3470 inscribere
697 3406 763 3489 ipse
787 3405 907 3489 poterit
929 3427 1060 3489 prorsus
1084 3406 1241 3471 arbitratu

96 3544 165 3587 suo.
187 3521 226 3587 Id
249 3521 350 3607 igitur
372 3522 495 3586 factum
517 3521 606 3586 vides
630 3544 696 3586 non
720 3524 847 3585 tantum
871 3521 926 3585 ubi
950 3525 1117 3586 mutantur
1140 3526 1243 3586 metra

95 3640 134 3702 ut
155 3661 185 3701 v.
207 3637 283 3702 301.
311 3637 385 3701 392.
408 3638 487 3722 998,
514 3638 570 3702 sed
597 3638 695 3702 etiam
724 3638 778 3701 ubi
802 3637 1035 3701 continuantur
1058 3640 1094 3701 ut
1116 3661 1145 3702 v.
1172 3638 1242 3701 199.

95 3752 171 3818 591.
197 3754 270 3817 717.
298 3752 391 3817 1110.

186 4322 235 4386 De
269 4323 322 4388 via
353 4344 391 4387 ae
423 4323 548 4386 ratione
581 4324 772 4387 emendandi
805 4322 912 4386 Plauti
945 4321 1095 4385 universa
1127 4319 1242 4402 quibus

93 4439 202 4503 verbis
236 4461 366 4503 sensum
394 4461 500 4503 mcum
529 4442 604 4502 ante
634 4440 693 4504 hos
722 4455 797 4501 xx11
826 4460 929 4502 annos
958 4437 1068 4520 aperui
1092 4435 1242 4520 Prolego·

94 4576 217 4619 menon
240 4577 271 4639 p.
294 4571 354 4618 nv1
378 4576 433 4639 sq„
457 4576 495 4618 ea
517 4577 590 4618 eum
614 4555 654 4617 ad
678 4555 781 4638 ipsam
801 4553 1025 4617 Trinummum
1049 4553 1146 4616 etiam
1170 4573 1242 4635 pro·

94 4671 169 4755 pius
199 4692 297 4754 quam
325 4670 365 4734 ad
393 4673 516 4734 ceteras
548 4670 674 4734 fabulas
702 4670 899 4755 pertineant,
927 4690 967 4732 ne
996 4690 1081 4732 nunc
1114 4667 1242 4752 quidem

94 4785 329 4872 supprimenda
351 4784 472 4870 putavi.
495 4784 580 4851 Sunt
602 4790 709 4850 autem
732 4787 812 4850 haee
836 4808 917 4869 quae
940 4786 1027 4850 infra
1049 4783 1171 4871 scripsi.
