2932 5452
65 657 108 711 IV
127 663 152 725 2,
170 662 278 712 33-38
514 659 779 715 TRVCVLENTVS

561 820 716 875 Asrsrmvu

558 911 641 987 Quid
664 912 751 976 iam?

554 1031 720 1088 Drursucuvs

705 1122 788 1200 Quia
810 1126 866 1210 pol
890 1148 960 1190 esse
985 1129 1049 1192 uni
1068 1128 1175 1194 uelim.

556 1244 712 1300 Asrsrmvu

64 1332 141 1400 Non
163 1335 248 1401 licet.

552 1457 718 1512 Drursucnvs

277 1548 351 1614 Non
374 1548 448 1615 licet
471 1550 585 1614 obsoni
610 1552 660 1613 me
682 1551 872 1635 participem
895 1550 991 1618 fieri?

561 1671 715 1725 Asrarmvu

64 1759 103 1826 Si
124 1763 257 1827 uolebas
281 1763 483 1847 pcrtieipari,
507 1763 649 1827 auferres
674 1763 842 1828 dimidium
867 1765 1010 1831 domum:
1178 1790 1204 1832 se

60 1868 151 1934 Notm
169 1870 248 1934 item
262 1873 298 1934 ut
313 1869 510 1933 Accherrtnti
528 1869 581 1932 hic
604 1869 690 1953 apud
709 1891 768 1933 nos
792 1871 874 1935 uitio
898 1873 1022 1957 accepti
1041 1871 1205 1941 scribitur:

59 1961 156 2041 intro
172 1977 341 2062 accipitur:
365 1975 492 2059 quoindo
508 1979 720 2060 acceptumst,
743 1977 809 2040 non
824 1981 933 2060 potest
946 1979 1026 2044 ferri
1041 1981 1137 2047 foras.
1153 1998 1204 2047 ‘150

60 2082 151 2148 Bene
175 2085 257 2148 uale.

551 2204 715 2259 Diumscnvs

245 2294 380 2361 Resiste.

490 2490 493 2495 .
554 2419 711 2474 Asrsrmvu

391 2509 523 2574 Omitte.

465 2652 489 2683 ο
550 2629 715 2685 Drursucsvs

533 2720 599 2786 Vin
623 2744 691 2786 eum
715 2723 825 2788 intro?

555 2855 711 2907 Asmemvu

790 2947 840 3011 Ad
863 2950 897 3012 te
921 2949 1058 3034 quidem.

57 3154 111 3209 des
130 3172 160 3208 es
179 3154 287 3224 aperire
307 3156 381 3210 dina.
410 3155 482 3220 Quid
496 3156 571 3210 iam?
590 3172 663 3210 asoa.
679 3155 812 3226 Quiupol
826 3156 858 3211 L.
887 3156 1000 3225 quidem
1014 3175 1056 3212 es:
1075 3160 1202 3230 opperire

56 3232 105 3289 Di.
127 3232 193 3302 quid
213 3236 287 3291 ium?
306 3239 351 3291 As.
368 3236 434 3304 quia
452 3237 499 3305 pol
513 3236 544 3292 Z.
578 3253 606 3290 es
628 3236 758 3306 equidem
772 3236 863 3306 perire
877 3255 959 3305 quum
978 3237 1102 3295 inuidere
1117 3241 1202 3310 Speu-

55 3317 154 3385 sctius.
187 3319 217 3369 tu
237 3316 350 3386 quidem
376 3316 488 3386 perires.
509 3315 577 3371 Dru.
604 3315 676 3382 Quid
701 3318 777 3372 ium?
804 3320 870 3371 Asu.
895 3316 967 3382 Quia
993 3319 1041 3388 pol
1065 3319 1202 3390 Buppius,

56 3394 129 3463 quid
148 3397 206 3450 est?
225 3394 292 3451 Dru.
312 3396 440 3466 Aperitu,
464 3398 531 3465 quid
551 3397 622 3451 iam?
650 3397 717 3452 Ass.
743 3397 814 3461 Quia
831 3398 880 3467 pol
899 3398 1048 3469 Seyffertus
1063 3402 1106 3467 (cs.
1122 3403 1159 3457 ud
1176 3420 1201 3459 o.

57 3480 125 3540 743)
145 3482 240 3529 contra
260 3477 383 3545 linquam
397 3493 515 3545 peccaris
534 3484 643 3546 uterque
732 3495 793 3532 esse
811 3496 868 3533 unu
886 3479 970 3534 uelim
990 3479 1022 3534 Θ
1046 3483 1091 3549 (cs.
1111 3481 1200 3538 Andr.

57 3573 82 3610 o.
105 3560 140 3609 81
156 3556 211 3621 at).
241 3556 373 3609 msuelim
394 3558 459 3611 iibri
531 3563 590 3611 747.
611 3576 683 3612 nunc
703 3559 729 3611 Z
790 3558 853 3613 Non
872 3559 940 3614 licet
959 3562 1000 3614 bis
1016 3563 1098 3629 posui
1153 3562 1200 3615 ob·

57 3634 120 3691 soni
141 3634 180 3689 ffl.
209 3635 244 3688 do
264 3634 363 3689 obsoni
382 3635 416 3689 B.
452 3636 493 3690 Do
513 3635 621 3689 obsonii
640 3636 703 3690 OD.
736 3636 779 3690 Da
802 3638 910 3691 obsonii
928 3639 993 3693 ΕΖ.
1029 3640 1063 3694 de
1086 3640 1200 3695 obsonio

58 3717 163 3771 saltem
178 3717 359 3772 Carucrurius.
389 3717 422 3769 de
438 3713 544 3771 obsonii
560 3733 625 3769 mnu
639 3718 780 3772 Gruterus.
814 3718 848 3771 de
864 3717 961 3772 obsoni
976 3723 1055 3790 parte
1070 3723 1200 3795 Guyotus.

57 3796 95 3851 de
114 3795 230 3850 obsonio
249 3812 311 3850 meo
329 3797 447 3850 Botitius
465 3798 536 3865 (post
555 3813 631 3864 quoru
650 3812 694 3850 me
717 3812 780 3849 meo
800 3800 970 3865 transposuit
989 3800 1201 3869 Kumpmauuus

59 3877 107 3931 ‘dc
126 3888 165 3926 ss
183 3884 207 3930 ct
226 3890 266 3927 os
281 3877 417 3945 praepos)
439 3894 468 3945 p.
489 3879 525 3943 3).
554 3875 650 3930 donati
674 3875 771 3928 obsoni
790 3875 957 3945 Spcupeiius.
986 3880 1061 3946 quod
1085 3882 1200 3936 obsona-

57 3959 148 4011 tumst
165 3959 206 4011 uel
225 3957 360 4011 obsonuui
378 3958 515 4028 Buppius,
541 3957 593 4010 aiii
611 3957 669 4010 aliu
758 3955 915 4026 purticiphe
935 3957 963 4009 B
1053 3965 1112 4014 749.
1131 3960 1200 4014 item

50 4037 259 4092 'Rittersirusius
278 4039 354 4107 opud
373 4038 532 4107 Scioppium
551 4037 632 4104 Susp.
652 4038 708 4091 tect.
729 4036 750 4088 I
753 4034 784 4101 V,
802 4041 846 4091 13.
883 4036 958 4091 idem
983 4038 1049 4092 libri
1076 4039 1131 4106 (ide
1150 4041 1198 4110 D).

55 4118 156 4173 itidem
174 4119 254 4173 Valla
325 4118 470 4173 acheronti
490 4117 615 4172 GDLZ.
644 4116 756 4186 ugeonti
775 4116 802 4169 B
865 4115 911 4170 hic
934 4118 1009 4187 apud
1026 4136 1077 4173 nos
1096 4119 1135 4175 S.
1155 4121 1200 4175 hic

56 4200 134 4264 iibri,
152 4201 224 4266 quod
238 4204 300 4267 post
315 4198 412 4253 itidem
426 4200 543 4252 irueruit
557 4198 691 4252 Gruterus
762 4197 870 4266 accepti
888 4197 950 4250 ΕΖ.
983 4200 1089 4269 accepii
1099 4200 1134 4253 B.
1155 4218 1199 4256 ac·

57 4279 122 4348 cepi
134 4278 189 4330 01)
261 4285 320 4333 750.
332 4278 469 4348 accipitur
478 4278 645 4348 Spe-repelius.
675 4276 845 4346 accipiamur
854 4276 946 4332 Boo.
975 4282 1120 4348 acceptum
1136 4281 1198 4333 LZ.

57 4359 212 4427 accipimus
233 4359 407 4413 Caurcrarius
479 4361 654 4428 acceptumst
673 4356 701 4411 O.
736 4357 900 4426 acceptumst
923 4358 990 4413 DZ.
1020 4360 1138 4428 acceptu
1157 4362 1200 4414 est

57 4439 165 4492 Boura
184 4439 210 4491 L
283 4438 348 4493 fcrri
367 4439 432 4494 LZ.
460 4440 532 4494 ferre
551 4439 586 4495 B.
621 4439 702 4492 Ferte
722 4438 777 4491 01)
865 4437 939 4491 foras
959 4440 987 4506 (a
1004 4456 1037 4492 ec
1057 4441 1083 4508 c)
1101 4440 1128 4492 B

58 4524 120 4574 761.
140 4518 214 4573 Bene
234 4520 314 4587 (bene
335 4520 400 4589 OD)
420 4521 512 4575 urulere
532 4519 599 4574 siste
618 4517 714 4572 Boo.
735 4535 802 4574 corr.
824 4518 1005 4572 Camerarius.
1043 4519 1113 4573 bene
1136 4520 1199 4575 uuls

57 4598 101 4653 Di.
122 4597 196 4653 Siste
216 4599 275 4651 ΕΖ
346 4598 459 4653 Omitte.
480 4597 564 4664 ffVin
583 4615 644 4652 eam
663 4598 787 4654 intro&
813 4599 924 4653 omittes
943 4598 1007 4654 ineo.
1025 4599 1107 4653 mitto
1125 4599 1200 4655 intro

58 4680 155 4734 Bor).
190 4680 288 4733 omitte
307 4680 431 4747 (omittes
452 4681 487 4748 Z)
507 4699 559 4736 me.
589 4679 696 4733 Omitto
718 4680 792 4732 iutro
812 4679 876 4734 LZ.
905 4680 1002 4735 amitte
1027 4679 1086 4735 sine
1107 4682 1199 4736 Came-

58 4764 167 4829 rarius,
185 4762 266 4816 mitte
291 4761 395 4829 (mittin
414 4760 522 4830 Douso)
546 4760 620 4814 intra
638 4760 756 4814 Bottrius
775 4765 941 4828 correxerat,
959 4767 1024 4830 post
1042 4778 1107 4832 quos
1127 4762 1200 4832 Sine,
