<?xml version="1.0" encoding="UTF-8"?>
<!DOCTYPE html PUBLIC "-//W3C//DTD XHTML 1.0 Transitional//EN"
    "http://www.w3.org/TR/xhtml1/DTD/xhtml1-transitional.dtd">
<html xmlns="http://www.w3.org/1999/xhtml" xml:lang="en" lang="en">
 <head>
  <title>
</title>
<meta http-equiv="Content-Type" content="text/html;charset=utf-8" />
  <meta name='ocr-system' content='tesseract 3.04.00' />
  <meta name='ocr-capabilities' content='ocr_page ocr_carea ocr_par ocr_line ocrx_word'/>
</head>
<body>
  <div class='ocr_page' id='page_1' title='image "./tmacciplauticom02schgoog_0297.png"; bbox 0 0 2932 5452; ppageno 0'>
   <div class='ocr_carea' id='block_1_1' title="bbox 745 302 1413 400">
    <p class='ocr_par' dir='ltr' id='par_1_1' title="bbox 745 302 1413 400">
     <span class='ocr_line' id='line_1_1' title="bbox 745 302 1413 400; baseline -0.004 -13"><span class='ocrx_word' id='word_1_1' title='bbox 745 333 878 387; x_wconf 76' lang='lat' dir='ltr'>suavis</span> <span class='ocrx_word' id='word_1_2' title='bbox 1178 330 1216 385; x_wconf 77' lang='grc' dir='ltr'>ιιι</span> <span class='ocrx_word' id='word_1_3' title='bbox 1236 339 1262 400; x_wconf 82' lang='lat' dir='ltr'>a,</span> <span class='ocrx_word' id='word_1_4' title='bbox 1282 302 1413 386; x_wconf 78' lang='lat' dir='ltr'>ar-aa&#39;</span> 
     </span>
    </p>
   </div>
   <div class='ocr_carea' id='block_1_2' title="bbox 684 494 956 763">
    <p class='ocr_par' dir='ltr' id='par_1_2' title="bbox 684 494 956 763">
     <span class='ocr_line' id='line_1_2' title="bbox 729 494 897 549; baseline 0.012 -2"><span class='ocrx_word' id='word_1_5' title='bbox 729 494 897 549; x_wconf 78' lang='lat' dir='ltr'>Durrsrosrrs</span> 
     </span>
     <span class='ocr_line' id='line_1_3' title="bbox 684 585 956 671; baseline 0 -21"><span class='ocrx_word' id='word_1_6' title='bbox 684 585 766 662; x_wconf 85' lang='lat' dir='ltr'>Quid</span> <span class='ocrx_word' id='word_1_7' title='bbox 790 587 956 671; x_wconf 77' lang='lat' dir='ltr'><strong>negotist?</strong></span> 
     </span>
     <span class='ocr_line' id='line_1_4' title="bbox 724 708 905 763; baseline 0.006 -2"><span class='ocrx_word' id='word_1_8' title='bbox 724 708 905 763; x_wconf 78' lang='lat' dir='ltr'>Tasossmo</span> 
     </span>
    </p>
   </div>
   <div class='ocr_carea' id='block_1_3' title="bbox 1039 799 1194 865">
    <p class='ocr_par' dir='ltr' id='par_1_3' title="bbox 1039 799 1194 865">
     <span class='ocr_line' id='line_1_5' title="bbox 1039 799 1194 865; baseline 0 -1"><span class='ocrx_word' id='word_1_9' title='bbox 1039 799 1194 865; x_wconf 73' lang='lat' dir='ltr'>Mulieres</span> 
     </span>
    </p>
   </div>
   <div class='ocr_carea' id='block_1_4' title="bbox 238 905 1302 1313">
    <p class='ocr_par' dir='ltr' id='par_1_4' title="bbox 238 905 1302 1313">
     <span class='ocr_line' id='line_1_6' title="bbox 239 905 1302 992; baseline -0.001 -21"><span class='ocrx_word' id='word_1_10' title='bbox 239 907 334 972; x_wconf 84' lang='lat' dir='ltr'>Duae</span> <span class='ocrx_word' id='word_1_11' title='bbox 357 905 547 972; x_wconf 85' lang='lat' dir='ltr'>innocentes</span> <span class='ocrx_word' id='word_1_12' title='bbox 570 906 659 972; x_wconf 85' lang='lat' dir='ltr'>intus</span> <span class='ocrx_word' id='word_1_13' title='bbox 683 907 736 972; x_wconf 90' lang='lat' dir='ltr'>hic</span> <span class='ocrx_word' id='word_1_14' title='bbox 760 911 848 991; x_wconf 87' lang='lat' dir='ltr'>sunt,</span> <span class='ocrx_word' id='word_1_15' title='bbox 870 907 918 971; x_wconf 90' lang='lat' dir='ltr'>tui</span> <span class='ocrx_word' id='word_1_16' title='bbox 940 906 1123 992; x_wconf 75' lang='lat' dir='ltr'><strong>indigentes</strong></span> <span class='ocrx_word' id='word_1_17' title='bbox 1146 907 1258 990; x_wconf 83' lang='lat' dir='ltr'>adxili,</span> <span class='ocrx_word' id='word_1_18' title='bbox 1296 920 1302 929; x_wconf 92' lang='grc'><em>“</em></span> 
     </span>
     <span class='ocr_line' id='line_1_7' title="bbox 240 1012 1213 1103; baseline -0.001 -25"><span class='ocrx_word' id='word_1_19' title='bbox 240 1012 366 1090; x_wconf 77' lang='lat' dir='ltr'>Quibus</span> <span class='ocrx_word' id='word_1_20' title='bbox 390 1015 564 1080; x_wconf 87' lang='lat' dir='ltr'>aduorsum</span> <span class='ocrx_word' id='word_1_21' title='bbox 588 1015 638 1078; x_wconf 78' lang='lat' dir='ltr'>ius</span> <span class='ocrx_word' id='word_1_22' title='bbox 663 1015 814 1100; x_wconf 83' lang='lat' dir='ltr'>legesque</span> <span class='ocrx_word' id='word_1_23' title='bbox 838 1014 890 1079; x_wconf 92' lang='lat' dir='ltr'>hic</span> <span class='ocrx_word' id='word_1_24' title='bbox 914 1012 1069 1103; x_wconf 77' lang='lat' dir='ltr'>insignite</span> <span class='ocrx_word' id='word_1_25' title='bbox 1092 1013 1213 1078; x_wconf 83' lang='lat' dir='ltr'>inidria</span> 
     </span>
     <span class='ocr_line' id='line_1_8' title="bbox 238 1119 1249 1206; baseline 0 -21"><span class='ocrx_word' id='word_1_26' title='bbox 238 1120 371 1187; x_wconf 80' lang='lat' dir='ltr'>Factast</span> <span class='ocrx_word' id='word_1_27' title='bbox 393 1123 494 1206; x_wconf 89' lang='lat' dir='ltr'>fitque</span> <span class='ocrx_word' id='word_1_28' title='bbox 517 1123 552 1186; x_wconf 88' lang='lat' dir='ltr'>in</span> <span class='ocrx_word' id='word_1_29' title='bbox 575 1121 710 1186; x_wconf 73' lang='lat' dir='ltr'>Veneris</span> <span class='ocrx_word' id='word_1_30' title='bbox 732 1121 821 1186; x_wconf 87' lang='lat' dir='ltr'>fauo.</span> <span class='ocrx_word' id='word_1_31' title='bbox 844 1125 913 1186; x_wconf 83' lang='lat' dir='ltr'>trim</span> <span class='ocrx_word' id='word_1_32' title='bbox 934 1120 1083 1187; x_wconf 82' lang='lat' dir='ltr'>sacerdos</span> <span class='ocrx_word' id='word_1_33' title='bbox 1106 1119 1249 1186; x_wconf 85' lang='lat' dir='ltr'>Ve&#39;neria</span> 
     </span>
     <span class='ocr_line' id='line_1_9' title="bbox 242 1214 591 1313; baseline 0.006 -22"><span class='ocrx_word' id='word_1_34' title='bbox 242 1214 374 1313; x_wconf 78' lang='lat' dir='ltr'>indigue</span> <span class='ocrx_word' id='word_1_35' title='bbox 398 1228 591 1294; x_wconf 75' lang='lat' dir='ltr'>adflictatur.</span> 
     </span>
    </p>
   </div>
   <div class='ocr_carea' id='block_1_5' title="bbox 600 1348 1389 1524">
    <p class='ocr_par' dir='ltr' id='par_1_5' title="bbox 600 1348 1389 1524">
     <span class='ocr_line' id='line_1_10' title="bbox 730 1348 897 1404; baseline 0.012 -2"><span class='ocrx_word' id='word_1_36' title='bbox 730 1348 897 1404; x_wconf 71' lang='lat' dir='ltr'>Damnosus</span> 
     </span>
     <span class='ocr_line' id='line_1_11' title="bbox 600 1440 1389 1524; baseline -0.004 -17"><span class='ocrx_word' id='word_1_37' title='bbox 600 1442 679 1518; x_wconf 81' lang='lat' dir='ltr'>Quis</span> <span class='ocrx_word' id='word_1_38' title='bbox 702 1441 835 1506; x_wconf 87' lang='lat' dir='ltr'>homost</span> <span class='ocrx_word' id='word_1_39' title='bbox 853 1444 947 1506; x_wconf 67' lang='lat' dir='ltr'>trinta</span> <span class='ocrx_word' id='word_1_40' title='bbox 969 1440 1172 1524; x_wconf 73' lang='lat' dir='ltr'>confidentia,</span> <span class='ocrx_word' id='word_1_41' title='bbox 1335 1456 1389 1507; x_wconf 85' lang='grc'>646</span> 
     </span>
    </p>
   </div>
   <div class='ocr_carea' id='block_1_6' title="bbox 237 1546 1351 2168">
    <p class='ocr_par' dir='ltr' id='par_1_6' title="bbox 237 1546 1351 2168">
     <span class='ocr_line' id='line_1_12' title="bbox 238 1546 1193 1624; baseline -0.001 -11"><span class='ocrx_word' id='word_1_42' title='bbox 238 1546 303 1624; x_wconf 76' lang='lat' dir='ltr'>Qus</span> <span class='ocrx_word' id='word_1_43' title='bbox 324 1548 523 1614; x_wconf 86' lang='lat' dir='ltr'>sacerdotem</span> <span class='ocrx_word' id='word_1_44' title='bbox 548 1549 666 1613; x_wconf 75' lang='lat' dir='ltr'>audeat</span> <span class='ocrx_word' id='word_1_45' title='bbox 688 1548 835 1612; x_wconf 76' lang='lat' dir='ltr'>uiolare?</span> <span class='ocrx_word' id='word_1_46' title='bbox 882 1549 938 1613; x_wconf 89' lang='lat' dir='ltr'>sed</span> <span class='ocrx_word' id='word_1_47' title='bbox 962 1570 1018 1613; x_wconf 88' lang='lat' dir='ltr'>eae</span> <span class='ocrx_word' id='word_1_48' title='bbox 1042 1548 1193 1613; x_wconf 83' lang='lat' dir='ltr'>mdlieres</span> 
     </span>
     <span class='ocr_line' id='line_1_13' title="bbox 238 1653 913 1739; baseline -0.001 -19"><span class='ocrx_word' id='word_1_49' title='bbox 238 1654 326 1731; x_wconf 75' lang='lat' dir='ltr'>Quae</span> <span class='ocrx_word' id='word_1_50' title='bbox 350 1657 448 1720; x_wconf 83' lang='lat' dir='ltr'>sunt?</span> <span class='ocrx_word' id='word_1_51' title='bbox 493 1659 550 1721; x_wconf 87' lang='lat' dir='ltr'>aut</span> <span class='ocrx_word' id='word_1_52' title='bbox 573 1656 649 1739; x_wconf 91' lang='lat' dir='ltr'>quid</span> <span class='ocrx_word' id='word_1_53' title='bbox 672 1654 701 1719; x_wconf 88' lang='lat' dir='ltr'>is</span> <span class='ocrx_word' id='word_1_54' title='bbox 725 1655 827 1739; x_wconf 90' lang='lat' dir='ltr'>iniqui</span> <span class='ocrx_word' id='word_1_55' title='bbox 850 1653 913 1719; x_wconf 81' lang='lat' dir='ltr'>iit?</span> 
     </span>
     <span class='ocr_line' id='line_1_14' title="bbox 721 1777 903 1832; baseline 0.005 -1"><span class='ocrx_word' id='word_1_56' title='bbox 721 1777 903 1832; x_wconf 68' lang='lat' dir='ltr'>smoniae</span> 
     </span>
     <span class='ocr_line' id='line_1_15' title="bbox 897 1867 1351 1953; baseline 0 -20"><span class='ocrx_word' id='word_1_57' title='bbox 897 1867 931 1933; x_wconf 87' lang='lat' dir='ltr'>Si</span> <span class='ocrx_word' id='word_1_58' title='bbox 954 1869 1012 1934; x_wconf 88' lang='lat' dir='ltr'>das</span> <span class='ocrx_word' id='word_1_59' title='bbox 1037 1890 1167 1953; x_wconf 87' lang='lat' dir='ltr'>operam</span> <span class='ocrx_word' id='word_1_60' title='bbox 1174 1919 1183 1952; x_wconf 92' lang='lat'><em>,</em></span> <span class='ocrx_word' id='word_1_61' title='bbox 1206 1869 1351 1953; x_wconf 76' lang='lat' dir='ltr'>eloquar.</span> 
     </span>
     <span class='ocr_line' id='line_1_16' title="bbox 237 1973 1334 2062; baseline -0.002 -21"><span class='ocrx_word' id='word_1_62' title='bbox 237 1977 377 2042; x_wconf 75' lang='lat' dir='ltr'>Veneris</span> <span class='ocrx_word' id='word_1_63' title='bbox 401 1977 530 2062; x_wconf 83' lang='lat' dir='ltr'>signum</span> <span class='ocrx_word' id='word_1_64' title='bbox 554 1981 630 2041; x_wconf 78' lang='lat' dir='ltr'>sunt</span> <span class='ocrx_word' id='word_1_65' title='bbox 653 1978 834 2062; x_wconf 81' lang='lat' dir='ltr'>amplexae:</span> <span class='ocrx_word' id='word_1_66' title='bbox 858 1981 945 2041; x_wconf 78' lang='lat' dir='ltr'>nuno</span> <span class='ocrx_word' id='word_1_67' title='bbox 967 1976 1065 2040; x_wconf 91' lang='lat' dir='ltr'>homo</span> <span class='ocrx_word' id='word_1_68' title='bbox 1088 1973 1334 2041; x_wconf 80' lang='lat' dir='ltr'>audacissumos</span> 
     </span>
     <span class='ocr_line' id='line_1_17' title="bbox 238 2080 1187 2168; baseline -0.002 -19"><span class='ocrx_word' id='word_1_69' title='bbox 238 2083 303 2149; x_wconf 79' lang='lat' dir='ltr'>llas</span> <span class='ocrx_word' id='word_1_70' title='bbox 328 2084 473 2168; x_wconf 82' lang='lat' dir='ltr'>deripere</span> <span class='ocrx_word' id='word_1_71' title='bbox 496 2084 575 2152; x_wconf 82' lang='lat' dir='ltr'>uolt.</span> <span class='ocrx_word' id='word_1_72' title='bbox 599 2106 652 2148; x_wconf 90' lang='lat' dir='ltr'>eas</span> <span class='ocrx_word' id='word_1_73' title='bbox 678 2084 789 2148; x_wconf 88' lang='lat' dir='ltr'>ambas</span> <span class='ocrx_word' id='word_1_74' title='bbox 809 2085 880 2148; x_wconf 77' lang='lat' dir='ltr'>esse</span> <span class='ocrx_word' id='word_1_75' title='bbox 904 2087 1034 2168; x_wconf 76' lang='lat' dir='ltr'>oportet</span> <span class='ocrx_word' id='word_1_76' title='bbox 1056 2080 1187 2147; x_wconf 87' lang='lat' dir='ltr'>liberas.</span> 
     </span>
    </p>
   </div>
   <div class='ocr_carea' id='block_1_7' title="bbox 236 2205 1384 2383">
    <p class='ocr_par' dir='ltr' id='par_1_7' title="bbox 236 2205 1384 2383">
     <span class='ocr_line' id='line_1_18' title="bbox 726 2205 895 2259; baseline -0.006 0"><span class='ocrx_word' id='word_1_77' title='bbox 726 2205 895 2259; x_wconf 77' lang='lat' dir='ltr'>Dasuosss</span> 
     </span>
     <span class='ocr_line' id='line_1_19' title="bbox 236 2295 1384 2383; baseline -0.002 -22"><span class='ocrx_word' id='word_1_78' title='bbox 236 2296 317 2373; x_wconf 87' lang='lat' dir='ltr'>Quis</span> <span class='ocrx_word' id='word_1_79' title='bbox 341 2299 416 2362; x_wconf 87' lang='lat' dir='ltr'>istic</span> <span class='ocrx_word' id='word_1_80' title='bbox 435 2302 501 2383; x_wconf 86' lang='lat' dir='ltr'>est,</span> <span class='ocrx_word' id='word_1_81' title='bbox 525 2299 580 2382; x_wconf 91' lang='lat' dir='ltr'>qui</span> <span class='ocrx_word' id='word_1_82' title='bbox 600 2299 675 2363; x_wconf 82' lang='lat' dir='ltr'>deda</span> <span class='ocrx_word' id='word_1_83' title='bbox 695 2300 763 2362; x_wconf 87' lang='lat' dir='ltr'>tam</span> <span class='ocrx_word' id='word_1_84' title='bbox 783 2297 876 2381; x_wconf 88' lang='lat' dir='ltr'>parui</span> <span class='ocrx_word' id='word_1_85' title='bbox 895 2296 1031 2381; x_wconf 76' lang='lat' dir='ltr'>pendit?</span> <span class='ocrx_word' id='word_1_86' title='bbox 1054 2297 1165 2380; x_wconf 82' lang='lat' dir='ltr'>paucis</span> <span class='ocrx_word' id='word_1_87' title='bbox 1185 2295 1308 2380; x_wconf 78' lang='lat' dir='ltr'>expedi.</span> <span class='ocrx_word' id='word_1_88' title='bbox 1332 2310 1384 2360; x_wconf 83' lang='grc'>666</span> 
     </span>
    </p>
   </div>
   <div class='ocr_carea' id='block_1_8' title="bbox 235 2496 1384 2811">
    <p class='ocr_par' dir='ltr' id='par_1_8' title="bbox 235 2496 1384 2811">
     <span class='ocr_line' id='line_1_20' title="bbox 235 2496 1384 2571; baseline 0 -19"><span class='ocrx_word' id='word_1_89' title='bbox 235 2501 346 2554; x_wconf 84' lang='lat' dir='ltr'>uortoro</span> <span class='ocrx_word' id='word_1_90' title='bbox 371 2500 457 2571; x_wconf 73' lang='lat' dir='ltr'>‘lepit&#39;</span> <span class='ocrx_word' id='word_1_91' title='bbox 486 2499 630 2554; x_wconf 73' lang='lat' dir='ltr'>Turnebus</span> <span class='ocrx_word' id='word_1_92' title='bbox 653 2499 766 2553; x_wconf 78' lang='lat' dir='ltr'>Adsere.</span> <span class='ocrx_word' id='word_1_93' title='bbox 788 2496 873 2550; x_wconf 86' lang='lat' dir='ltr'>XXI</span> <span class='ocrx_word' id='word_1_94' title='bbox 894 2501 938 2553; x_wconf 82' lang='lat'>12.</span> <span class='ocrx_word' id='word_1_95' title='bbox 976 2500 1118 2554; x_wconf 85' lang='lat' dir='ltr'>reuertere</span> <span class='ocrx_word' id='word_1_96' title='bbox 1141 2497 1264 2553; x_wconf 85' lang='lat' dir='ltr'><em>BGDZ</em></span> <span class='ocrx_word' id='word_1_97' title='bbox 1343 2515 1384 2552; x_wconf 91' lang='lat' dir='ltr'>re-</span> 
     </span>
     <span class='ocr_line' id='line_1_21' title="bbox 236 2577 1384 2649; baseline 0 -17"><span class='ocrx_word' id='word_1_98' title='bbox 236 2583 344 2633; x_wconf 87' lang='lat' dir='ltr'>uertere</span> <span class='ocrx_word' id='word_1_99' title='bbox 364 2579 395 2633; x_wconf 81' lang='lat' dir='ltr'><em>F</em></span> <span class='ocrx_word' id='word_1_100' title='bbox 457 2578 1086 2649; x_wconf 57' lang='grc'><strong>666666666666.(1666666666.</strong></span> <span class='ocrx_word' id='word_1_101' title='bbox 1150 2578 1261 2647; x_wconf 88' lang='lat' dir='ltr'>negocii</span> <span class='ocrx_word' id='word_1_102' title='bbox 1280 2578 1296 2631; x_wconf 76' lang='grc'><strong>6</strong></span> <span class='ocrx_word' id='word_1_103' title='bbox 1315 2577 1384 2632; x_wconf 80' lang='lat' dir='ltr'>BF.</span> 
     </span>
     <span class='ocr_line' id='line_1_22' title="bbox 239 2658 1384 2728; baseline -0.001 -16"><span class='ocrx_word' id='word_1_104' title='bbox 239 2658 346 2727; x_wconf 86' lang='lat' dir='ltr'>negotii</span> <span class='ocrx_word' id='word_1_105' title='bbox 365 2661 409 2712; x_wconf 85' lang='lat' dir='ltr'>est</span> <span class='ocrx_word' id='word_1_106' title='bbox 429 2659 484 2713; x_wconf 81' lang='lat'>01)</span> <span class='ocrx_word' id='word_1_107' title='bbox 539 2658 683 2727; x_wconf 77' lang='lat' dir='ltr'>&#39;l&#39;RAC(H)</span> <span class='ocrx_word' id='word_1_108' title='bbox 705 2660 760 2713; x_wconf 84' lang='lat'>01)</span> <span class='ocrx_word' id='word_1_109' title='bbox 778 2660 816 2728; x_wconf 79' lang='grc'>(*)</span> <span class='ocrx_word' id='word_1_110' title='bbox 888 2664 948 2713; x_wconf 75' lang='grc'><strong>642.</strong></span> <span class='ocrx_word' id='word_1_111' title='bbox 968 2659 1065 2714; x_wconf 79' lang='lat' dir='ltr'>auxilii</span> <span class='ocrx_word' id='word_1_112' title='bbox 1084 2661 1149 2714; x_wconf 69' lang='lat' dir='ltr'>riori</span> <span class='ocrx_word' id='word_1_113' title='bbox 1203 2665 1263 2714; x_wconf 87' lang='grc'><strong>643.</strong></span> <span class='ocrx_word' id='word_1_114' title='bbox 1283 2659 1384 2712; x_wconf 80' lang='lat' dir='ltr'>aduor-</span> 
     </span>
     <span class='ocr_line' id='line_1_23' title="bbox 238 2738 1384 2811; baseline 0.001 -19"><span class='ocrx_word' id='word_1_115' title='bbox 238 2756 299 2792; x_wconf 90' lang='lat' dir='ltr'>sum</span> <span class='ocrx_word' id='word_1_116' title='bbox 318 2740 385 2792; x_wconf 75' lang='lat' dir='ltr'>libri</span> <span class='ocrx_word' id='word_1_117' title='bbox 457 2738 503 2793; x_wconf 85' lang='lat' dir='ltr'>hic</span> <span class='ocrx_word' id='word_1_118' title='bbox 521 2739 654 2808; x_wconf 79' lang='lat' dir='ltr'>insignite</span> <span class='ocrx_word' id='word_1_119' title='bbox 672 2739 774 2794; x_wconf 87' lang='lat' dir='ltr'>iniuria</span> <span class='ocrx_word' id='word_1_120' title='bbox 793 2740 915 2794; x_wconf 70' lang='lat' dir='ltr'>Reicies.</span> <span class='ocrx_word' id='word_1_121' title='bbox 949 2740 1084 2811; x_wconf 84' lang='lat' dir='ltr'>insignite</span> <span class='ocrx_word' id='word_1_122' title='bbox 1103 2739 1264 2810; x_wconf 82' lang='lat' dir='ltr'>(insignitae</span> <span class='ocrx_word' id='word_1_123' title='bbox 1283 2738 1384 2807; x_wconf 72' lang='grc' dir='ltr'>ΒΘΗ)</span> 
     </span>
    </p>
   </div>
   <div class='ocr_carea' id='block_1_9' title="bbox 233 2821 1388 4546">
    <p class='ocr_par' dir='ltr' id='par_1_9' title="bbox 236 2821 1386 3008">
     <span class='ocr_line' id='line_1_24' title="bbox 1177 2821 1227 2859; baseline -0.02 0"><span class='ocrx_word' id='word_1_124' title='bbox 1177 2821 1227 2859; x_wconf 75' lang='lat' dir='ltr'>&#39;lu</span> 
     </span>
     <span class='ocr_line' id='line_1_25' title="bbox 236 2834 1385 2942; baseline -0.001 -15"><span class='ocrx_word' id='word_1_125' title='bbox 236 2873 338 2927; x_wconf 66' lang='lat' dir='ltr'>inaura</span> <span class='ocrx_word' id='word_1_126' title='bbox 356 2873 402 2927; x_wconf 75' lang='lat' dir='ltr'>aa</span> <span class='ocrx_word' id='word_1_127' title='bbox 417 2872 530 2942; x_wconf 66' lang='lat' dir='ltr'>recreo)</span> <span class='ocrx_word' id='word_1_128' title='bbox 602 2879 662 2927; x_wconf 72' lang='lat' dir='ltr'>aa</span> <span class='ocrx_word' id='word_1_129' title='bbox 678 2874 766 2928; x_wconf 74' lang='lat' dir='ltr'>raca</span> <span class='ocrx_word' id='word_1_130' title='bbox 784 2876 828 2927; x_wconf 73' lang='lat' dir='ltr'>ea</span> <span class='ocrx_word' id='word_1_131' title='bbox 846 2874 912 2928; x_wconf 68' lang='lat' dir='ltr'>rrae</span> <span class='ocrx_word' id='word_1_132' title='bbox 930 2872 1033 2941; x_wconf 74' lang='lat' dir='ltr'>(sactae</span> <span class='ocrx_word' id='word_1_133' title='bbox 1044 2873 1077 2939; x_wconf 82' lang='lat' dir='ltr'>o)</span> <span class='ocrx_word' id='word_1_134' title='bbox 1137 2834 1175 2926; x_wconf 75' lang='lat' dir='ltr'>fii</span> <span class='ocrx_word' id='word_1_135' title='bbox 1183 2872 1293 2926; x_wconf 66' lang='lat' dir='ltr'>ueneris</span> <span class='ocrx_word' id='word_1_136' title='bbox 1309 2873 1385 2941; x_wconf 67' lang='lat' dir='ltr'>oo)</span> 
     </span>
     <span class='ocr_line' id='line_1_26' title="bbox 306 2953 1386 3008; baseline -0.002 -1"><span class='ocrx_word' id='word_1_137' title='bbox 306 2959 366 3007; x_wconf 86' lang='grc'><strong>646.</strong></span> <span class='ocrx_word' id='word_1_138' title='bbox 385 2953 537 3008; x_wconf 85' lang='lat' dir='ltr'>afflictatur</span> <span class='ocrx_word' id='word_1_139' title='bbox 557 2954 587 3008; x_wconf 83' lang='lat' dir='ltr'><strong><em>F</em></strong></span> <span class='ocrx_word' id='word_1_140' title='bbox 667 2953 752 3007; x_wconf 86' lang='lat' dir='ltr'>DEM.</span> <span class='ocrx_word' id='word_1_141' title='bbox 772 2955 802 3007; x_wconf 89' lang='lat' dir='ltr'><strong><em>D</em></strong></span> <span class='ocrx_word' id='word_1_142' title='bbox 884 2954 967 3006; x_wconf 90' lang='lat' dir='ltr'>homo</span> <span class='ocrx_word' id='word_1_143' title='bbox 986 2955 1030 3005; x_wconf 86' lang='lat' dir='ltr'>cst</span> <span class='ocrx_word' id='word_1_144' title='bbox 1047 2953 1113 3006; x_wconf 72' lang='lat' dir='ltr'>lieri</span> <span class='ocrx_word' id='word_1_145' title='bbox 1202 2958 1263 3007; x_wconf 85' lang='grc'><strong>646.</strong></span> <span class='ocrx_word' id='word_1_146' title='bbox 1283 2953 1386 3007; x_wconf 87' lang='lat' dir='ltr'>audeat</span> 
     </span>
    </p>

    <p class='ocr_par' dir='ltr' id='par_1_10' title="bbox 235 3030 1313 3169">
     <span class='ocr_line' id='line_1_27' title="bbox 235 3030 1313 3105; baseline 0.001 -20"><span class='ocrx_word' id='word_1_147' title='bbox 235 3030 344 3086; x_wconf 88' lang='lat' dir='ltr'>uiolare</span> <span class='ocrx_word' id='word_1_148' title='bbox 364 3033 489 3104; x_wconf 78' lang='lat' dir='ltr'>Pylades.</span> <span class='ocrx_word' id='word_1_149' title='bbox 527 3033 633 3088; x_wconf 89' lang='lat' dir='ltr'>uiolare</span> <span class='ocrx_word' id='word_1_150' title='bbox 653 3035 757 3089; x_wconf 86' lang='lat' dir='ltr'>audeat</span> <span class='ocrx_word' id='word_1_151' title='bbox 776 3034 842 3089; x_wconf 80' lang='lat' dir='ltr'>libri</span> <span class='ocrx_word' id='word_1_152' title='bbox 914 3049 943 3086; x_wconf 88' lang='lat' dir='ltr'>sc</span> <span class='ocrx_word' id='word_1_153' title='bbox 962 3032 1032 3086; x_wconf 84' lang='lat' dir='ltr'>deae</span> <span class='ocrx_word' id='word_1_154' title='bbox 1051 3032 1086 3086; x_wconf 91' lang='lat' dir='ltr'>B.</span> <span class='ocrx_word' id='word_1_155' title='bbox 1107 3031 1156 3086; x_wconf 88' lang='lat' dir='ltr'>sed</span> <span class='ocrx_word' id='word_1_156' title='bbox 1175 3049 1207 3105; x_wconf 73' lang='lat' dir='ltr'>pp</span> <span class='ocrx_word' id='word_1_157' title='bbox 1227 3032 1257 3086; x_wconf 93' lang='lat' dir='ltr'><strong><em>D</em></strong></span> <span class='ocrx_word' id='word_1_158' title='bbox 1276 3033 1313 3099; x_wconf 74' lang='lat'><strong>(⁴¹)</strong></span> 
     </span>
     <span class='ocr_line' id='line_1_28' title="bbox 235 3112 546 3169; baseline 0.006 -4"><span class='ocrx_word' id='word_1_159' title='bbox 235 3112 268 3165; x_wconf 85' lang='lat' dir='ltr'>V.</span> <span class='ocrx_word' id='word_1_160' title='bbox 289 3119 429 3167; x_wconf 76' lang='lat'>647—652</span> <span class='ocrx_word' id='word_1_161' title='bbox 449 3115 488 3169; x_wconf 77' lang='lat' dir='ltr'>sic</span> <span class='ocrx_word' id='word_1_162' title='bbox 506 3113 546 3167; x_wconf 88' lang='grc' dir='ltr'>Β.Ι</span> 
     </span>
    </p>

    <p class='ocr_par' dir='ltr' id='par_1_11' title="bbox 274 3192 1195 3262">
     <span class='ocr_line' id='line_1_29' title="bbox 274 3192 1195 3262; baseline 0 -18"><span class='ocrx_word' id='word_1_163' title='bbox 274 3192 351 3256; x_wconf 80' lang='lat' dir='ltr'>Quae</span> <span class='ocrx_word' id='word_1_164' title='bbox 368 3193 381 3246; x_wconf 78' lang='lat' dir='ltr'>i</span> <span class='ocrx_word' id='word_1_165' title='bbox 403 3194 452 3245; x_wconf 87' lang='lat' dir='ltr'>aut</span> <span class='ocrx_word' id='word_1_166' title='bbox 471 3211 488 3262; x_wconf 82' lang='lat' dir='ltr'>q</span> <span class='ocrx_word' id='word_1_167' title='bbox 507 3192 561 3247; x_wconf 91' lang='lat' dir='ltr'>diis</span> <span class='ocrx_word' id='word_1_168' title='bbox 579 3193 669 3261; x_wconf 90' lang='lat' dir='ltr'>iniqui</span> <span class='ocrx_word' id='word_1_169' title='bbox 688 3193 720 3245; x_wconf 90' lang='lat' dir='ltr'>fit</span> <span class='ocrx_word' id='word_1_170' title='bbox 832 3193 856 3247; x_wconf 86' lang='lat' dir='ltr'>si</span> <span class='ocrx_word' id='word_1_171' title='bbox 875 3192 925 3247; x_wconf 88' lang='lat' dir='ltr'>das</span> <span class='ocrx_word' id='word_1_172' title='bbox 944 3209 1059 3262; x_wconf 89' lang='lat' dir='ltr'>operam</span> <span class='ocrx_word' id='word_1_173' title='bbox 1079 3192 1195 3260; x_wconf 88' lang='lat' dir='ltr'>eloquar</span> 
     </span>
    </p>

    <p class='ocr_par' dir='ltr' id='par_1_12' title="bbox 272 3272 859 3342">
     <span class='ocr_line' id='line_1_30' title="bbox 272 3272 859 3342; baseline 0.007 -18"><span class='ocrx_word' id='word_1_174' title='bbox 272 3272 387 3325; x_wconf 88' lang='lat' dir='ltr'>Veneris</span> <span class='ocrx_word' id='word_1_175' title='bbox 408 3272 517 3341; x_wconf 85' lang='lat' dir='ltr'>signum</span> <span class='ocrx_word' id='word_1_176' title='bbox 537 3277 602 3327; x_wconf 85' lang='lat' dir='ltr'>suut</span> <span class='ocrx_word' id='word_1_177' title='bbox 621 3273 766 3342; x_wconf 79' lang='lat' dir='ltr'>amplexae</span> <span class='ocrx_word' id='word_1_178' title='bbox 786 3291 859 3328; x_wconf 88' lang='lat' dir='ltr'>nuuc</span> 
     </span>
    </p>

    <p class='ocr_par' dir='ltr' id='par_1_13' title="bbox 272 3353 948 3423">
     <span class='ocr_line' id='line_1_31' title="bbox 272 3353 948 3423; baseline 0.003 -18"><span class='ocrx_word' id='word_1_179' title='bbox 272 3353 326 3407; x_wconf 86' lang='lat' dir='ltr'>Eas</span> <span class='ocrx_word' id='word_1_180' title='bbox 346 3353 472 3423; x_wconf 87' lang='lat' dir='ltr'>deripere</span> <span class='ocrx_word' id='word_1_181' title='bbox 491 3354 553 3407; x_wconf 85' lang='lat' dir='ltr'>uult</span> <span class='ocrx_word' id='word_1_182' title='bbox 572 3371 619 3407; x_wconf 88' lang='lat' dir='ltr'>eas</span> <span class='ocrx_word' id='word_1_183' title='bbox 639 3355 735 3407; x_wconf 86' lang='lat' dir='ltr'>ambas</span> <span class='ocrx_word' id='word_1_184' title='bbox 755 3371 816 3408; x_wconf 85' lang='lat' dir='ltr'>esec</span> <span class='ocrx_word' id='word_1_185' title='bbox 835 3355 948 3421; x_wconf 78' lang='lat' dir='ltr'>oportet</span> 
     </span>
    </p>

    <p class='ocr_par' dir='ltr' id='par_1_14' title="bbox 272 3433 916 3503">
     <span class='ocr_line' id='line_1_32' title="bbox 272 3433 916 3503; baseline 0.003 -17"><span class='ocrx_word' id='word_1_186' title='bbox 272 3433 339 3498; x_wconf 76' lang='lat' dir='ltr'>Quis</span> <span class='ocrx_word' id='word_1_187' title='bbox 358 3433 422 3488; x_wconf 90' lang='lat' dir='ltr'>istic</span> <span class='ocrx_word' id='word_1_188' title='bbox 441 3436 484 3488; x_wconf 89' lang='lat' dir='ltr'>est</span> <span class='ocrx_word' id='word_1_189' title='bbox 503 3433 551 3502; x_wconf 90' lang='lat' dir='ltr'>qui</span> <span class='ocrx_word' id='word_1_190' title='bbox 570 3433 637 3487; x_wconf 89' lang='lat' dir='ltr'>deos</span> <span class='ocrx_word' id='word_1_191' title='bbox 656 3438 714 3487; x_wconf 82' lang='lat' dir='ltr'>tam</span> <span class='ocrx_word' id='word_1_192' title='bbox 734 3433 916 3503; x_wconf 87' lang='lat' dir='ltr'>paruipendit</span> 
     </span>
    </p>

    <p class='ocr_par' dir='ltr' id='par_1_15' title="bbox 270 3513 937 3584">
     <span class='ocr_line' id='line_1_33' title="bbox 270 3513 937 3584; baseline 0 -18"><span class='ocrx_word' id='word_1_193' title='bbox 270 3514 389 3568; x_wconf 76' lang='lat' dir='ltr'>Fraudis</span> <span class='ocrx_word' id='word_1_194' title='bbox 408 3514 520 3569; x_wconf 87' lang='lat' dir='ltr'>sceleris</span> <span class='ocrx_word' id='word_1_195' title='bbox 539 3514 683 3584; x_wconf 89' lang='lat' dir='ltr'>parricidii</span> <span class='ocrx_word' id='word_1_196' title='bbox 703 3513 818 3584; x_wconf 89' lang='lat' dir='ltr'>periurii</span> <span class='ocrx_word' id='word_1_197' title='bbox 838 3514 937 3583; x_wconf 88' lang='lat' dir='ltr'>plenus</span> 
     </span>
    </p>

    <p class='ocr_par' dir='ltr' id='par_1_16' title="bbox 233 3592 1031 3731">
     <span class='ocr_line' id='line_1_34' title="bbox 270 3592 1031 3665; baseline -0.004 -18"><span class='ocrx_word' id='word_1_198' title='bbox 270 3594 410 3665; x_wconf 68' lang='lat' dir='ltr'>legirupa</span> <span class='ocrx_word' id='word_1_199' title='bbox 428 3595 575 3664; x_wconf 85' lang='lat' dir='ltr'>impudens</span> <span class='ocrx_word' id='word_1_200' title='bbox 593 3595 719 3664; x_wconf 87' lang='lat' dir='ltr'>impurus</span> <span class='ocrx_word' id='word_1_201' title='bbox 739 3592 1031 3660; x_wconf 82' lang='lat' dir='ltr'>inuerecundissimus,</span> 
     </span>
     <span class='ocr_line' id='line_1_35' title="bbox 233 3676 436 3731; baseline 0.005 -2"><span class='ocrx_word' id='word_1_202' title='bbox 233 3678 275 3729; x_wconf 82' lang='lat' dir='ltr'>sic</span> <span class='ocrx_word' id='word_1_203' title='bbox 293 3683 382 3730; x_wconf 70' lang='lat' dir='ltr'>aalma</span> <span class='ocrx_word' id='word_1_204' title='bbox 403 3676 436 3731; x_wconf 80' lang='lat' dir='ltr'>C:</span> 
     </span>
    </p>

    <p class='ocr_par' dir='ltr' id='par_1_17' title="bbox 877 3752 1205 3827">
     <span class='ocr_line' id='line_1_36' title="bbox 877 3752 1205 3827; baseline -0.003 -21"><span class='ocrx_word' id='word_1_205' title='bbox 877 3755 999 3827; x_wconf 64' lang='lat' dir='ltr'>quesuut</span> <span class='ocrx_word' id='word_1_206' title='bbox 1017 3755 1067 3807; x_wconf 89' lang='lat' dir='ltr'>aut</span> <span class='ocrx_word' id='word_1_207' title='bbox 1084 3754 1132 3822; x_wconf 88' lang='lat' dir='ltr'>qui</span> <span class='ocrx_word' id='word_1_208' title='bbox 1151 3752 1205 3806; x_wconf 87' lang='lat' dir='ltr'>diis</span> 
     </span>
    </p>

    <p class='ocr_par' dir='ltr' id='par_1_18' title="bbox 271 3833 1336 3903">
     <span class='ocr_line' id='line_1_37' title="bbox 271 3833 1336 3903; baseline -0.001 -15"><span class='ocrx_word' id='word_1_209' title='bbox 271 3835 362 3903; x_wconf 90' lang='lat' dir='ltr'>Iniqui</span> <span class='ocrx_word' id='word_1_210' title='bbox 380 3836 412 3889; x_wconf 90' lang='lat' dir='ltr'>fit</span> <span class='ocrx_word' id='word_1_211' title='bbox 508 3835 532 3889; x_wconf 87' lang='lat' dir='ltr'>si</span> <span class='ocrx_word' id='word_1_212' title='bbox 546 3835 596 3888; x_wconf 84' lang='lat' dir='ltr'>das</span> <span class='ocrx_word' id='word_1_213' title='bbox 611 3848 725 3903; x_wconf 83' lang='lat' dir='ltr'>operam</span> <span class='ocrx_word' id='word_1_214' title='bbox 739 3833 855 3903; x_wconf 87' lang='lat' dir='ltr'>eloquar</span> <span class='ocrx_word' id='word_1_215' title='bbox 869 3834 978 3889; x_wconf 87' lang='lat' dir='ltr'>ueneris</span> <span class='ocrx_word' id='word_1_216' title='bbox 993 3833 1101 3902; x_wconf 75' lang='lat' dir='ltr'>sigerii</span> <span class='ocrx_word' id='word_1_217' title='bbox 1118 3833 1246 3903; x_wconf 80' lang='lat' dir='ltr'>amplexo</span> <span class='ocrx_word' id='word_1_218' title='bbox 1261 3852 1336 3887; x_wconf 84' lang='lat' dir='ltr'>nunc</span> 
     </span>
    </p>

    <p class='ocr_par' dir='ltr' id='par_1_19' title="bbox 270 3915 947 3984">
     <span class='ocr_line' id='line_1_38' title="bbox 270 3915 947 3984; baseline 0.003 -18"><span class='ocrx_word' id='word_1_219' title='bbox 270 3915 325 3968; x_wconf 83' lang='lat' dir='ltr'>Eas</span> <span class='ocrx_word' id='word_1_220' title='bbox 345 3915 472 3983; x_wconf 85' lang='lat' dir='ltr'>deripere</span> <span class='ocrx_word' id='word_1_221' title='bbox 492 3915 554 3968; x_wconf 86' lang='lat' dir='ltr'>uult</span> <span class='ocrx_word' id='word_1_222' title='bbox 572 3930 620 3967; x_wconf 86' lang='lat' dir='ltr'>eas</span> <span class='ocrx_word' id='word_1_223' title='bbox 639 3915 737 3968; x_wconf 85' lang='lat' dir='ltr'>ambas</span> <span class='ocrx_word' id='word_1_224' title='bbox 756 3930 816 3969; x_wconf 87' lang='lat' dir='ltr'>esso</span> <span class='ocrx_word' id='word_1_225' title='bbox 835 3916 947 3984; x_wconf 87' lang='lat' dir='ltr'>oportet</span> 
     </span>
    </p>

    <p class='ocr_par' dir='ltr' id='par_1_20' title="bbox 272 3994 897 4064">
     <span class='ocr_line' id='line_1_39' title="bbox 272 3994 897 4064; baseline 0.005 -19"><span class='ocrx_word' id='word_1_226' title='bbox 272 3994 338 4058; x_wconf 76' lang='lat' dir='ltr'>Quis</span> <span class='ocrx_word' id='word_1_227' title='bbox 358 3995 423 4048; x_wconf 89' lang='lat' dir='ltr'>istic</span> <span class='ocrx_word' id='word_1_228' title='bbox 443 3995 552 4063; x_wconf 87' lang='lat' dir='ltr'>estqui</span> <span class='ocrx_word' id='word_1_229' title='bbox 572 3995 637 4048; x_wconf 86' lang='lat' dir='ltr'>deos</span> <span class='ocrx_word' id='word_1_230' title='bbox 656 3995 897 4064; x_wconf 87' lang='lat' dir='ltr'>tamparuipendit</span> 
     </span>
    </p>

    <p class='ocr_par' dir='ltr' id='par_1_21' title="bbox 270 4073 924 4144">
     <span class='ocr_line' id='line_1_40' title="bbox 270 4073 924 4144; baseline 0.005 -20"><span class='ocrx_word' id='word_1_231' title='bbox 270 4073 386 4127; x_wconf 76' lang='lat' dir='ltr'>Fraudis</span> <span class='ocrx_word' id='word_1_232' title='bbox 407 4073 519 4127; x_wconf 85' lang='lat' dir='ltr'>sceleris</span> <span class='ocrx_word' id='word_1_233' title='bbox 538 4073 682 4142; x_wconf 86' lang='lat' dir='ltr'>parricidii</span> <span class='ocrx_word' id='word_1_234' title='bbox 701 4075 816 4143; x_wconf 86' lang='lat' dir='ltr'>periurii</span> <span class='ocrx_word' id='word_1_235' title='bbox 834 4076 924 4144; x_wconf 87' lang='lat' dir='ltr'>plenis</span> 
     </span>
    </p>

    <p class='ocr_par' dir='ltr' id='par_1_22' title="bbox 235 4152 1388 4546">
     <span class='ocr_line' id='line_1_41' title="bbox 272 4152 1195 4222; baseline 0.005 -19"><span class='ocrx_word' id='word_1_236' title='bbox 272 4152 415 4220; x_wconf 82' lang='lat' dir='ltr'>Legirupa</span> <span class='ocrx_word' id='word_1_237' title='bbox 433 4152 579 4219; x_wconf 83' lang='lat' dir='ltr'>impudens</span> <span class='ocrx_word' id='word_1_238' title='bbox 599 4152 714 4222; x_wconf 89' lang='lat' dir='ltr'>inpurus</span> <span class='ocrx_word' id='word_1_239' title='bbox 733 4155 1016 4209; x_wconf 83' lang='lat' dir='ltr'>inuerecundissimue</span> <span class='ocrx_word' id='word_1_240' title='bbox 1036 4173 1095 4209; x_wconf 85' lang='lat' dir='ltr'>uno</span> <span class='ocrx_word' id='word_1_241' title='bbox 1110 4155 1195 4208; x_wconf 76' lang='lat' dir='ltr'>ruroo</span> 
     </span>
     <span class='ocr_line' id='line_1_42' title="bbox 236 4233 1387 4303; baseline 0.002 -18"><span class='ocrx_word' id='word_1_242' title='bbox 236 4234 349 4300; x_wconf 70' lang='lat' dir='ltr'>iecurque</span> <span class='ocrx_word' id='word_1_243' title='bbox 367 4233 405 4298; x_wconf 91' lang='lat' dir='ltr'>D,</span> <span class='ocrx_word' id='word_1_244' title='bbox 424 4234 481 4285; x_wconf 80' lang='lat' dir='ltr'>uisi</span> <span class='ocrx_word' id='word_1_245' title='bbox 499 4234 570 4300; x_wconf 77' lang='lat' dir='ltr'>quod</span> <span class='ocrx_word' id='word_1_246' title='bbox 589 4250 612 4286; x_wconf 84' lang='lat' dir='ltr'>o.</span> <span class='ocrx_word' id='word_1_247' title='bbox 630 4239 679 4287; x_wconf 82' lang='grc'><strong>647</strong></span> <span class='ocrx_word' id='word_1_248' title='bbox 697 4233 792 4302; x_wconf 65' lang='lat' dir='ltr'>ilar.</span> <span class='ocrx_word' id='word_1_249' title='bbox 808 4236 908 4303; x_wconf 77' lang='grc'><strong>6601),</strong></span> <span class='ocrx_word' id='word_1_250' title='bbox 926 4253 950 4290; x_wconf 88' lang='lat' dir='ltr'>u.</span> <span class='ocrx_word' id='word_1_251' title='bbox 967 4241 1014 4288; x_wconf 86' lang='grc'>661</span> <span class='ocrx_word' id='word_1_252' title='bbox 1038 4236 1060 4287; x_wconf 81' lang='grc' dir='ltr'><strong>Τ</strong></span> <span class='ocrx_word' id='word_1_253' title='bbox 1079 4236 1167 4303; x_wconf 81' lang='lat' dir='ltr'>tutet,</span> <span class='ocrx_word' id='word_1_254' title='bbox 1184 4236 1234 4289; x_wconf 80' lang='lat' dir='ltr'>ubi</span> <span class='ocrx_word' id='word_1_255' title='bbox 1252 4235 1323 4301; x_wconf 87' lang='lat' dir='ltr'>quid</span> <span class='ocrx_word' id='word_1_256' title='bbox 1342 4234 1387 4288; x_wconf 86' lang='lat' dir='ltr'>his</span> 
     </span>
     <span class='ocr_line' id='line_1_43' title="bbox 235 4311 1387 4384; baseline 0.003 -19"><span class='ocrx_word' id='word_1_257' title='bbox 235 4311 295 4382; x_wconf 73' lang='lat' dir='ltr'>inid</span> <span class='ocrx_word' id='word_1_258' title='bbox 314 4318 339 4366; x_wconf 82' lang='lat' dir='ltr'>et</span> <span class='ocrx_word' id='word_1_259' title='bbox 358 4312 478 4381; x_wconf 84' lang='lat' dir='ltr'>diripere</span> <span class='ocrx_word' id='word_1_260' title='bbox 496 4318 521 4366; x_wconf 82' lang='lat' dir='ltr'>et</span> <span class='ocrx_word' id='word_1_261' title='bbox 539 4314 638 4381; x_wconf 87' lang='lat' dir='ltr'>plenus</span> <span class='ocrx_word' id='word_1_262' title='bbox 658 4320 681 4368; x_wconf 78' lang='lat' dir='ltr'>rt</span> <span class='ocrx_word' id='word_1_263' title='bbox 700 4314 825 4384; x_wconf 88' lang='lat' dir='ltr'>impurus</span> <span class='ocrx_word' id='word_1_264' title='bbox 846 4315 882 4383; x_wconf 80' lang='lat' dir='ltr'>F,</span> <span class='ocrx_word' id='word_1_265' title='bbox 906 4314 973 4380; x_wconf 81' lang='lat' dir='ltr'>Quis</span> <span class='ocrx_word' id='word_1_266' title='bbox 993 4314 1039 4367; x_wconf 86' lang='lat' dir='ltr'>hic</span> <span class='ocrx_word' id='word_1_267' title='bbox 1058 4316 1102 4367; x_wconf 87' lang='lat' dir='ltr'>est</span> <span class='ocrx_word' id='word_1_268' title='bbox 1121 4315 1159 4380; x_wconf 77' lang='lat' dir='ltr'>Z,</span> <span class='ocrx_word' id='word_1_269' title='bbox 1182 4331 1207 4369; x_wconf 91' lang='lat' dir='ltr'>o.</span> <span class='ocrx_word' id='word_1_270' title='bbox 1227 4319 1281 4368; x_wconf 83' lang='grc'>646</span> <span class='ocrx_word' id='word_1_271' title='bbox 1301 4314 1387 4370; x_wconf 90' lang='lat' dir='ltr'>homo</span> 
     </span>
     <span class='ocr_line' id='line_1_44' title="bbox 236 4392 1388 4465; baseline 0.002 -18"><span class='ocrx_word' id='word_1_272' title='bbox 236 4392 438 4447; x_wconf 80' lang='lat' dir='ltr'>audacissimus</span> <span class='ocrx_word' id='word_1_273' title='bbox 462 4394 525 4447; x_wconf 83' lang='lat' dir='ltr'>cdd.</span> <span class='ocrx_word' id='word_1_274' title='bbox 547 4395 700 4447; x_wconf 69' lang='lat' dir='ltr'>tenebiaco</span> <span class='ocrx_word' id='word_1_275' title='bbox 723 4412 736 4449; x_wconf 86' lang='lat' dir='ltr'>c</span> <span class='ocrx_word' id='word_1_276' title='bbox 761 4395 851 4448; x_wconf 77' lang='lat' dir='ltr'>‘libris</span> <span class='ocrx_word' id='word_1_277' title='bbox 869 4395 931 4449; x_wconf 76' lang='lat' dir='ltr'>uet&#39;</span> <span class='ocrx_word' id='word_1_278' title='bbox 962 4396 1076 4465; x_wconf 75' lang='lat' dir='ltr'>itemquo</span> <span class='ocrx_word' id='word_1_279' title='bbox 1098 4412 1122 4448; x_wconf 84' lang='lat' dir='ltr'>o.</span> <span class='ocrx_word' id='word_1_280' title='bbox 1142 4399 1194 4448; x_wconf 87' lang='grc'>660</span> <span class='ocrx_word' id='word_1_281' title='bbox 1222 4395 1321 4463; x_wconf 87' lang='lat' dir='ltr'>paucis</span> <span class='ocrx_word' id='word_1_282' title='bbox 1342 4412 1388 4449; x_wconf 85' lang='lat' dir='ltr'>ex-</span> 
     </span>
     <span class='ocr_line' id='line_1_45' title="bbox 236 4472 1293 4546; baseline 0.002 -20"><span class='ocrx_word' id='word_1_283' title='bbox 236 4473 311 4545; x_wconf 79' lang='lat' dir='ltr'>pedi,</span> <span class='ocrx_word' id='word_1_284' title='bbox 329 4491 353 4528; x_wconf 81' lang='lat' dir='ltr'>o.</span> <span class='ocrx_word' id='word_1_285' title='bbox 373 4480 424 4528; x_wconf 80' lang='grc'>646</span> <span class='ocrx_word' id='word_1_286' title='bbox 444 4472 546 4527; x_wconf 76' lang='lat' dir='ltr'>liberas</span> <span class='ocrx_word' id='word_1_287' title='bbox 565 4480 589 4530; x_wconf 83' lang='lat' dir='ltr'>et</span> <span class='ocrx_word' id='word_1_288' title='bbox 608 4491 631 4529; x_wconf 85' lang='lat' dir='ltr'>o.</span> <span class='ocrx_word' id='word_1_289' title='bbox 653 4480 701 4529; x_wconf 88' lang='grc'>661</span> <span class='ocrx_word' id='word_1_290' title='bbox 724 4474 930 4544; x_wconf 86' lang='lat' dir='ltr'>(plenis)sumus</span> <span class='ocrx_word' id='word_1_291' title='bbox 949 4476 1038 4546; x_wconf 82' lang='lat' dir='ltr'>suppl.</span> <span class='ocrx_word' id='word_1_292' title='bbox 1060 4474 1236 4530; x_wconf 72' lang='lat' dir='ltr'>Camerarius</span> <span class='ocrx_word' id='word_1_293' title='bbox 1253 4474 1293 4543; x_wconf 68' lang='lat'>(⁴³)</span> 
     </span>
    </p>
   </div>
   <div class='ocr_carea' id='block_1_10' title="bbox 0 0 1470 5452">
    <p class='ocr_par' dir='ltr' id='par_1_23' title="bbox 0 0 1470 5452">
     <span class='ocr_line' id='line_1_46' title="bbox 0 0 1470 5452; baseline 0 2"><span class='ocrx_word' id='word_1_294' title='bbox 0 0 1470 5452; x_wconf 95' lang='lat' dir='ltr'> </span> 
     </span>
    </p>
   </div>
  </div>
 </body>
</html>
