<?xml version="1.0" encoding="UTF-8"?>
<!DOCTYPE html PUBLIC "-//W3C//DTD XHTML 1.0 Transitional//EN"
    "http://www.w3.org/TR/xhtml1/DTD/xhtml1-transitional.dtd">
<html xmlns="http://www.w3.org/1999/xhtml" xml:lang="en" lang="en">
 <head>
  <title>
</title>
<meta http-equiv="Content-Type" content="text/html;charset=utf-8" />
  <meta name='ocr-system' content='tesseract 3.04.00' />
  <meta name='ocr-capabilities' content='ocr_page ocr_carea ocr_par ocr_line ocrx_word'/>
</head>
<body>
  <div class='ocr_page' id='page_1' title='image "./tmacciplauticom02schgoog_0437.png"; bbox 0 0 2932 5452; ppageno 0'>
   <div class='ocr_carea' id='block_1_1' title="bbox 251 330 925 399">
    <p class='ocr_par' dir='ltr' id='par_1_1' title="bbox 251 330 925 399">
     <span class='ocr_line' id='line_1_1' title="bbox 251 330 925 399; baseline 0.001 -14"><span class='ocrx_word' id='word_1_1' title='bbox 251 355 301 399; x_wconf 58' lang='grc' dir='ltr'>ΚΠ</span> <span class='ocrx_word' id='word_1_2' title='bbox 719 330 925 386; x_wconf 77' lang='lat' dir='ltr'><strong>PRAEFATIO</strong></span> 
     </span>
    </p>
   </div>
   <div class='ocr_carea' id='block_1_2' title="bbox 215 493 1430 4532">
    <p class='ocr_par' dir='ltr' id='par_1_2' title="bbox 246 493 1405 1309">
     <span class='ocr_line' id='line_1_2' title="bbox 254 493 1405 578; baseline -0.001 -19"><span class='ocrx_word' id='word_1_3' title='bbox 254 495 396 572; x_wconf 83' lang='lat' dir='ltr'>Quorum</span> <span class='ocrx_word' id='word_1_4' title='bbox 420 495 514 558; x_wconf 89' lang='lat' dir='ltr'>alteri</span> <span class='ocrx_word' id='word_1_5' title='bbox 537 495 662 558; x_wconf 89' lang='lat' dir='ltr'>etiamsi</span> <span class='ocrx_word' id='word_1_6' title='bbox 687 495 852 578; x_wconf 79' lang='lat' dir='ltr'>legitimos</span> <span class='ocrx_word' id='word_1_7' title='bbox 874 516 1026 558; x_wconf 89' lang='lat' dir='ltr'>numeros</span> <span class='ocrx_word' id='word_1_8' title='bbox 1048 515 1115 560; x_wconf 89' lang='lat' dir='ltr'>non</span> <span class='ocrx_word' id='word_1_9' title='bbox 1137 493 1405 577; x_wconf 76' lang='lat' dir='ltr'>improbabiliter</span> 
     </span>
     <span class='ocr_line' id='line_1_3' title="bbox 254 600 1403 684; baseline -0.001 -18"><span class='ocrx_word' id='word_1_10' title='bbox 254 602 300 666; x_wconf 89' lang='lat' dir='ltr'>sic</span> <span class='ocrx_word' id='word_1_11' title='bbox 328 602 494 666; x_wconf 84' lang='lat' dir='ltr'>restitues:</span> <span class='ocrx_word' id='word_1_12' title='bbox 532 600 624 665; x_wconf 80' lang='lat' dir='ltr'>Video</span> <span class='ocrx_word' id='word_1_13' title='bbox 651 601 722 666; x_wconf 83' lang='lat' dir='ltr'>benc</span> <span class='ocrx_word' id='word_1_14' title='bbox 745 601 831 684; x_wconf 71' lang='lat' dir='ltr'>perid</span> <span class='ocrx_word' id='word_1_15' title='bbox 862 622 896 666; x_wconf 86' lang='lat' dir='ltr'>re</span> <span class='ocrx_word' id='word_1_16' title='bbox 926 602 1053 666; x_wconf 85' lang='lat' dir='ltr'>rediisse</span> <span class='ocrx_word' id='word_1_17' title='bbox 1079 600 1198 682; x_wconf 78' lang='lat' dir='ltr'>oratos,</span> <span class='ocrx_word' id='word_1_18' title='bbox 1229 603 1344 665; x_wconf 79' lang='lat' dir='ltr'>tamen</span> <span class='ocrx_word' id='word_1_19' title='bbox 1376 602 1403 665; x_wconf 90' lang='lat' dir='ltr'>si</span> 
     </span>
     <span class='ocr_line' id='line_1_4' title="bbox 254 705 1403 789; baseline -0.002 -16"><span class='ocrx_word' id='word_1_20' title='bbox 254 710 352 774; x_wconf 88' lang='lat' dir='ltr'>semel</span> <span class='ocrx_word' id='word_1_21' title='bbox 385 706 622 774; x_wconf 88' lang='lat' dir='ltr'>concedendum</span> <span class='ocrx_word' id='word_1_22' title='bbox 655 712 704 772; x_wconf 89' lang='lat' dir='ltr'>cst</span> <span class='ocrx_word' id='word_1_23' title='bbox 735 709 872 773; x_wconf 88' lang='lat' dir='ltr'>traiecta</span> <span class='ocrx_word' id='word_1_24' title='bbox 904 729 974 772; x_wconf 89' lang='lat' dir='ltr'>esse</span> <span class='ocrx_word' id='word_1_25' title='bbox 1006 705 1159 771; x_wconf 85' lang='lat' dir='ltr'>Plautina</span> <span class='ocrx_word' id='word_1_26' title='bbox 1190 706 1304 789; x_wconf 83' lang='lat' dir='ltr'>verba,</span> <span class='ocrx_word' id='word_1_27' title='bbox 1336 729 1403 772; x_wconf 90' lang='lat' dir='ltr'>uon</span> 
     </span>
     <span class='ocr_line' id='line_1_5' title="bbox 254 814 1401 901; baseline 0 -22"><span class='ocrx_word' id='word_1_28' title='bbox 254 815 398 901; x_wconf 89' lang='lat' dir='ltr'>profecto</span> <span class='ocrx_word' id='word_1_29' title='bbox 422 815 523 879; x_wconf 92' lang='lat' dir='ltr'>multo</span> <span class='ocrx_word' id='word_1_30' title='bbox 543 814 674 879; x_wconf 86' lang='lat' dir='ltr'>maioris</span> <span class='ocrx_word' id='word_1_31' title='bbox 695 815 860 898; x_wconf 82' lang='lat' dir='ltr'><strong>audaciae,</strong></span> <span class='ocrx_word' id='word_1_32' title='bbox 882 836 979 898; x_wconf 86' lang='lat' dir='ltr'>quam</span> <span class='ocrx_word' id='word_1_33' title='bbox 997 814 1122 878; x_wconf 74' lang='lat' dir='ltr'>rediisse</span> <span class='ocrx_word' id='word_1_34' title='bbox 1140 814 1274 878; x_wconf 83' lang='lat' dir='ltr'>verbum</span> <span class='ocrx_word' id='word_1_35' title='bbox 1293 816 1401 879; x_wconf 86' lang='lat' dir='ltr'>trans·</span> 
     </span>
     <span class='ocr_line' id='line_1_6' title="bbox 252 920 1402 1008; baseline -0.002 -21"><span class='ocrx_word' id='word_1_36' title='bbox 252 944 372 1008; x_wconf 85' lang='lat' dir='ltr'>ponere</span> <span class='ocrx_word' id='word_1_37' title='bbox 396 926 472 1008; x_wconf 89' lang='lat' dir='ltr'>post</span> <span class='ocrx_word' id='word_1_38' title='bbox 491 926 576 1004; x_wconf 75' lang='lat' dir='ltr'>posto</span> <span class='ocrx_word' id='word_1_39' title='bbox 599 943 644 1005; x_wconf 85' lang='lat' dir='ltr'>re,</span> <span class='ocrx_word' id='word_1_40' title='bbox 672 921 734 987; x_wconf 91' lang='lat' dir='ltr'>hoc</span> <span class='ocrx_word' id='word_1_41' title='bbox 756 921 855 985; x_wconf 88' lang='lat' dir='ltr'>fuerit</span> <span class='ocrx_word' id='word_1_42' title='bbox 877 925 913 986; x_wconf 93' lang='lat' dir='ltr'>ut</span> <span class='ocrx_word' id='word_1_43' title='bbox 935 921 970 986; x_wconf 92' lang='lat' dir='ltr'>in</span> <span class='ocrx_word' id='word_1_44' title='bbox 993 920 1134 1004; x_wconf 83' lang='lat' dir='ltr'>priorem</span> <span class='ocrx_word' id='word_1_45' title='bbox 1158 941 1288 984; x_wconf 89' lang='lat' dir='ltr'>versum</span> <span class='ocrx_word' id='word_1_46' title='bbox 1310 921 1402 985; x_wconf 76' lang='lat' dir='ltr'>uideo</span> 
     </span>
     <span class='ocr_line' id='line_1_7' title="bbox 252 1026 1401 1113; baseline -0.003 -19"><span class='ocrx_word' id='word_1_47' title='bbox 252 1031 383 1094; x_wconf 89' lang='lat' dir='ltr'>verbum</span> <span class='ocrx_word' id='word_1_48' title='bbox 406 1029 572 1094; x_wconf 78' lang='lat' dir='ltr'>rejiciatur</span> <span class='ocrx_word' id='word_1_49' title='bbox 586 1029 770 1113; x_wconf 76' lang='lat' dir='ltr'>turbatique</span> <span class='ocrx_word' id='word_1_50' title='bbox 786 1028 907 1094; x_wconf 88' lang='lat' dir='ltr'>ordinis</span> <span class='ocrx_word' id='word_1_51' title='bbox 922 1051 1039 1095; x_wconf 82' lang='lat' dir='ltr'>caussa</span> <span class='ocrx_word' id='word_1_52' title='bbox 1060 1050 1078 1092; x_wconf 89' lang='lat' dir='ltr'>e</span> <span class='ocrx_word' id='word_1_53' title='bbox 1100 1027 1289 1092; x_wconf 78' lang='lat' dir='ltr'>removendi</span> <span class='ocrx_word' id='word_1_54' title='bbox 1302 1026 1401 1093; x_wconf 63' lang='lat' dir='ltr'>Pane</span> 
     </span>
     <span class='ocr_line' id='line_1_8' title="bbox 246 1134 1400 1221; baseline -0.001 -21"><span class='ocrx_word' id='word_1_55' title='bbox 246 1137 331 1220; x_wconf 72' lang='lat' dir='ltr'>pleds</span> <span class='ocrx_word' id='word_1_56' title='bbox 362 1136 504 1200; x_wconf 90' lang='lat' dir='ltr'>nominis</span> <span class='ocrx_word' id='word_1_57' title='bbox 537 1136 672 1201; x_wconf 89' lang='lat' dir='ltr'>consilio</span> <span class='ocrx_word' id='word_1_58' title='bbox 705 1138 885 1220; x_wconf 83' lang='lat' dir='ltr'>repetetur,</span> <span class='ocrx_word' id='word_1_59' title='bbox 917 1137 968 1201; x_wconf 88' lang='lat' dir='ltr'>cui</span> <span class='ocrx_word' id='word_1_60' title='bbox 1000 1134 1249 1221; x_wconf 88' lang='lat' dir='ltr'>percommodus</span> <span class='ocrx_word' id='word_1_61' title='bbox 1277 1134 1312 1199; x_wconf 91' lang='lat' dir='ltr'>in</span> <span class='ocrx_word' id='word_1_62' title='bbox 1341 1136 1400 1199; x_wconf 85' lang='lat' dir='ltr'>tali</span> 
     </span>
     <span class='ocr_line' id='line_1_9' title="bbox 250 1242 956 1309; baseline -0.001 -1"><span class='ocrx_word' id='word_1_63' title='bbox 250 1266 398 1309; x_wconf 86' lang='lat' dir='ltr'>versuum</span> <span class='ocrx_word' id='word_1_64' title='bbox 421 1243 550 1308; x_wconf 91' lang='lat' dir='ltr'>illorum</span> <span class='ocrx_word' id='word_1_65' title='bbox 574 1242 830 1308; x_wconf 83' lang='lat' dir='ltr'>conforrnatione</span> <span class='ocrx_word' id='word_1_66' title='bbox 853 1242 956 1307; x_wconf 87' lang='lat' dir='ltr'>locus:</span> 
     </span>
    </p>

    <p class='ocr_par' dir='ltr' id='par_1_3' title="bbox 339 1347 1400 1435">
     <span class='ocr_line' id='line_1_10' title="bbox 339 1347 1400 1435; baseline -0.001 -22"><span class='ocrx_word' id='word_1_67' title='bbox 339 1347 386 1413; x_wconf 90' lang='lat' dir='ltr'>Vt</span> <span class='ocrx_word' id='word_1_68' title='bbox 412 1350 492 1414; x_wconf 88' lang='lat' dir='ltr'>mihi</span> <span class='ocrx_word' id='word_1_69' title='bbox 521 1351 619 1434; x_wconf 92' lang='lat' dir='ltr'>uolup</span> <span class='ocrx_word' id='word_1_70' title='bbox 650 1353 712 1433; x_wconf 88' lang='lat' dir='ltr'>est,</span> <span class='ocrx_word' id='word_1_71' title='bbox 745 1350 820 1432; x_wconf 84' lang='lat' dir='ltr'>quia</span> <span class='ocrx_word' id='word_1_72' title='bbox 847 1370 906 1414; x_wconf 88' lang='lat' dir='ltr'>uos</span> <span class='ocrx_word' id='word_1_73' title='bbox 933 1350 1041 1435; x_wconf 91' lang='lat' dir='ltr'>uideo,</span> <span class='ocrx_word' id='word_1_74' title='bbox 1069 1349 1254 1434; x_wconf 75' lang='lat' dir='ltr'>Pamphile,</span> <span class='ocrx_word' id='word_1_75' title='bbox 1284 1349 1321 1413; x_wconf 90' lang='lat' dir='ltr'>in</span> <span class='ocrx_word' id='word_1_76' title='bbox 1345 1371 1400 1433; x_wconf 82' lang='lat' dir='ltr'>pa-</span> 
     </span>
    </p>

    <p class='ocr_par' dir='ltr' id='par_1_4' title="bbox 1055 1456 1309 1522">
     <span class='ocr_line' id='line_1_11' title="bbox 1055 1456 1309 1522; baseline -0.008 0"><span class='ocrx_word' id='word_1_77' title='bbox 1055 1457 1152 1522; x_wconf 90' lang='lat' dir='ltr'>triam</span> <span class='ocrx_word' id='word_1_78' title='bbox 1175 1456 1309 1520; x_wconf 92' lang='lat' dir='ltr'>domum</span> 
     </span>
    </p>

    <p class='ocr_par' dir='ltr' id='par_1_5' title="bbox 215 1563 1401 2696">
     <span class='ocr_line' id='line_1_12' title="bbox 341 1563 1401 1647; baseline 0.001 -19"><span class='ocrx_word' id='word_1_79' title='bbox 341 1565 427 1628; x_wconf 89' lang='lat' dir='ltr'>Bene</span> <span class='ocrx_word' id='word_1_80' title='bbox 451 1584 485 1626; x_wconf 89' lang='lat' dir='ltr'>re</span> <span class='ocrx_word' id='word_1_81' title='bbox 509 1567 603 1647; x_wconf 82' lang='lat' dir='ltr'>geste</span> <span class='ocrx_word' id='word_1_82' title='bbox 626 1563 758 1626; x_wconf 89' lang='lat' dir='ltr'>rediisse</span> <span class='ocrx_word' id='word_1_83' title='bbox 783 1563 910 1646; x_wconf 87' lang='lat' dir='ltr'>ambos,</span> <span class='ocrx_word' id='word_1_84' title='bbox 937 1566 1060 1628; x_wconf 92' lang='lat' dir='ltr'>temet</span> <span class='ocrx_word' id='word_1_85' title='bbox 1082 1567 1115 1628; x_wconf 92' lang='lat' dir='ltr'>et</span> <span class='ocrx_word' id='word_1_86' title='bbox 1137 1563 1272 1627; x_wconf 87' lang='lat' dir='ltr'>fratrem</span> <span class='ocrx_word' id='word_1_87' title='bbox 1296 1566 1401 1629; x_wconf 88' lang='lat' dir='ltr'>tuum.</span> 
     </span>
     <span class='ocr_line' id='line_1_13' title="bbox 251 1669 1401 1755; baseline -0.002 -19"><span class='ocrx_word' id='word_1_88' title='bbox 251 1672 355 1747; x_wconf 76' lang='lat' dir='ltr'>Quam</span> <span class='ocrx_word' id='word_1_89' title='bbox 379 1670 594 1734; x_wconf 85' lang='lat' dir='ltr'>mutationem</span> <span class='ocrx_word' id='word_1_90' title='bbox 619 1671 646 1733; x_wconf 90' lang='lat' dir='ltr'>si</span> <span class='ocrx_word' id='word_1_91' title='bbox 670 1670 724 1754; x_wconf 89' lang='lat' dir='ltr'>qui</span> <span class='ocrx_word' id='word_1_92' title='bbox 747 1669 831 1734; x_wconf 83' lang='lat' dir='ltr'>forte</span> <span class='ocrx_word' id='word_1_93' title='bbox 855 1670 1049 1734; x_wconf 88' lang='lat' dir='ltr'>hariolantis</span> <span class='ocrx_word' id='word_1_94' title='bbox 1072 1669 1181 1755; x_wconf 87' lang='lat' dir='ltr'>potius</span> <span class='ocrx_word' id='word_1_95' title='bbox 1205 1691 1276 1734; x_wconf 87' lang='lat' dir='ltr'>esse</span> <span class='ocrx_word' id='word_1_96' title='bbox 1300 1692 1401 1755; x_wconf 85' lang='lat' dir='ltr'>quam</span> 
     </span>
     <span class='ocr_line' id='line_1_14' title="bbox 250 1775 1401 1863; baseline -0.002 -21"><span class='ocrx_word' id='word_1_97' title='bbox 250 1777 422 1843; x_wconf 85' lang='lat' dir='ltr'>divinando</span> <span class='ocrx_word' id='word_1_98' title='bbox 446 1775 647 1843; x_wconf 89' lang='lat' dir='ltr'>emendantis</span> <span class='ocrx_word' id='word_1_99' title='bbox 671 1777 841 1861; x_wconf 88' lang='lat' dir='ltr'>putabunt,</span> <span class='ocrx_word' id='word_1_100' title='bbox 864 1776 927 1842; x_wconf 89' lang='lat' dir='ltr'>hoc</span> <span class='ocrx_word' id='word_1_101' title='bbox 949 1777 1093 1862; x_wconf 82' lang='lat' dir='ltr'>cogitent</span> <span class='ocrx_word' id='word_1_102' title='bbox 1116 1797 1251 1863; x_wconf 77' lang='lat' dir='ltr'>quaeso,</span> <span class='ocrx_word' id='word_1_103' title='bbox 1274 1777 1401 1860; x_wconf 82' lang='lat' dir='ltr'>absque</span> 
     </span>
     <span class='ocr_line' id='line_1_15' title="bbox 249 1882 1401 1968; baseline -0.002 -19"><span class='ocrx_word' id='word_1_104' title='bbox 249 1886 306 1950; x_wconf 85' lang='lat' dir='ltr'>illa</span> <span class='ocrx_word' id='word_1_105' title='bbox 338 1889 435 1967; x_wconf 86' lang='lat' dir='ltr'>esset,</span> <span class='ocrx_word' id='word_1_106' title='bbox 466 1884 571 1948; x_wconf 84' lang='lat' dir='ltr'>facere</span> <span class='ocrx_word' id='word_1_107' title='bbox 604 1905 654 1947; x_wconf 89' lang='lat' dir='ltr'>mc</span> <span class='ocrx_word' id='word_1_108' title='bbox 683 1905 748 1948; x_wconf 90' lang='lat' dir='ltr'>non</span> <span class='ocrx_word' id='word_1_109' title='bbox 776 1884 921 1966; x_wconf 87' lang='lat' dir='ltr'>potuisse</span> <span class='ocrx_word' id='word_1_110' title='bbox 948 1886 1026 1968; x_wconf 91' lang='lat' dir='ltr'>quin</span> <span class='ocrx_word' id='word_1_111' title='bbox 1055 1887 1111 1948; x_wconf 86' lang='lat' dir='ltr'>aut</span> <span class='ocrx_word' id='word_1_112' title='bbox 1139 1882 1324 1967; x_wconf 83' lang='lat' dir='ltr'>plenissimi</span> <span class='ocrx_word' id='word_1_113' title='bbox 1354 1887 1401 1947; x_wconf 90' lang='lat' dir='ltr'>te·</span> 
     </span>
     <span class='ocr_line' id='line_1_16' title="bbox 250 1989 1401 2074; baseline -0.003 -17"><span class='ocrx_word' id='word_1_114' title='bbox 250 1992 393 2057; x_wconf 87' lang='lat' dir='ltr'>stimonii</span> <span class='ocrx_word' id='word_1_115' title='bbox 422 1995 561 2055; x_wconf 87' lang='lat' dir='ltr'>veterem</span> <span class='ocrx_word' id='word_1_116' title='bbox 590 1993 686 2074; x_wconf 87' lang='lat' dir='ltr'>atqua</span> <span class='ocrx_word' id='word_1_117' title='bbox 714 1989 879 2074; x_wconf 89' lang='lat' dir='ltr'>antiquam</span> <span class='ocrx_word' id='word_1_118' title='bbox 909 1991 1134 2055; x_wconf 86' lang='lat' dir='ltr'>auctoritatem</span> <span class='ocrx_word' id='word_1_119' title='bbox 1162 1991 1280 2074; x_wconf 83' lang='lat' dir='ltr'>ignave</span> <span class='ocrx_word' id='word_1_120' title='bbox 1312 2012 1401 2073; x_wconf 89' lang='lat' dir='ltr'>sper·</span> 
     </span>
     <span class='ocr_line' id='line_1_17' title="bbox 249 2096 1400 2162; baseline -0.001 0"><span class='ocrx_word' id='word_1_121' title='bbox 249 2121 358 2162; x_wconf 88' lang='lat' dir='ltr'>nerem</span> <span class='ocrx_word' id='word_1_122' title='bbox 383 2102 439 2162; x_wconf 86' lang='lat' dir='ltr'>aut</span> <span class='ocrx_word' id='word_1_123' title='bbox 463 2098 557 2161; x_wconf 91' lang='lat' dir='ltr'>unius</span> <span class='ocrx_word' id='word_1_124' title='bbox 577 2097 611 2160; x_wconf 91' lang='lat' dir='ltr'>in</span> <span class='ocrx_word' id='word_1_125' title='bbox 635 2096 875 2160; x_wconf 84' lang='lat' dir='ltr'>eadem-fabula</span> <span class='ocrx_word' id='word_1_126' title='bbox 893 2097 1035 2161; x_wconf 85' lang='lat' dir='ltr'>hominis</span> <span class='ocrx_word' id='word_1_127' title='bbox 1055 2097 1191 2162; x_wconf 82' lang='lat' dir='ltr'>diversis</span> <span class='ocrx_word' id='word_1_128' title='bbox 1209 2096 1400 2161; x_wconf 88' lang='lat' dir='ltr'>nominibus</span> 
     </span>
     <span class='ocr_line' id='line_1_18' title="bbox 249 2202 1398 2288; baseline 0 -20"><span class='ocrx_word' id='word_1_129' title='bbox 249 2204 371 2288; x_wconf 78' lang='lat' dir='ltr'>placide</span> <span class='ocrx_word' id='word_1_130' title='bbox 386 2204 522 2270; x_wconf 83' lang='lat' dir='ltr'>servetis</span> <span class='ocrx_word' id='word_1_131' title='bbox 537 2203 615 2268; x_wconf 85' lang='lat' dir='ltr'>duas</span> <span class='ocrx_word' id='word_1_132' title='bbox 631 2225 709 2287; x_wconf 87' lang='lat' dir='ltr'>quas</span> <span class='ocrx_word' id='word_1_133' title='bbox 725 2202 906 2266; x_wconf 84' lang='lat' dir='ltr'>discernere</span> <span class='ocrx_word' id='word_1_134' title='bbox 925 2203 1037 2268; x_wconf 89' lang='lat' dir='ltr'>liceret</span> <span class='ocrx_word' id='word_1_135' title='bbox 1051 2204 1255 2269; x_wconf 77' lang='lat' dir='ltr'>recensiones</span> <span class='ocrx_word' id='word_1_136' title='bbox 1275 2204 1398 2268; x_wconf 82' lang='lat' dir='ltr'>mixtas</span> 
     </span>
     <span class='ocr_line' id='line_1_19' title="bbox 215 2309 1400 2395; baseline 0 -21"><span class='ocrx_word' id='word_1_137' title='bbox 215 2352 218 2358; x_wconf 95' lang='lat'>-</span> <span class='ocrx_word' id='word_1_138' title='bbox 248 2312 472 2395; x_wconf 89' lang='lat' dir='ltr'>relinquerem.</span> <span class='ocrx_word' id='word_1_139' title='bbox 517 2311 624 2394; x_wconf 84' lang='lat' dir='ltr'>Atque</span> <span class='ocrx_word' id='word_1_140' title='bbox 657 2310 774 2374; x_wconf 87' lang='lat' dir='ltr'>lenitur</span> <span class='ocrx_word' id='word_1_141' title='bbox 807 2310 951 2393; x_wconf 87' lang='lat' dir='ltr'>profecto</span> <span class='ocrx_word' id='word_1_142' title='bbox 984 2309 1159 2374; x_wconf 85' lang='lat' dir='ltr'>violentiae</span> <span class='ocrx_word' id='word_1_143' title='bbox 1190 2311 1219 2374; x_wconf 92' lang='lat' dir='ltr'>si</span> <span class='ocrx_word' id='word_1_144' title='bbox 1253 2332 1320 2394; x_wconf 89' lang='lat' dir='ltr'>qua</span> <span class='ocrx_word' id='word_1_145' title='bbox 1347 2316 1400 2375; x_wconf 87' lang='lat' dir='ltr'>est</span> 
     </span>
     <span class='ocr_line' id='line_1_20' title="bbox 249 2415 1399 2500; baseline -0.001 -17"><span class='ocrx_word' id='word_1_146' title='bbox 249 2418 385 2483; x_wconf 85' lang='lat' dir='ltr'>offensio</span> <span class='ocrx_word' id='word_1_147' title='bbox 409 2418 497 2481; x_wconf 92' lang='lat' dir='ltr'>illius</span> <span class='ocrx_word' id='word_1_148' title='bbox 521 2438 576 2499; x_wconf 85' lang='lat' dir='ltr'>aa,</span> <span class='ocrx_word' id='word_1_149' title='bbox 604 2416 689 2499; x_wconf 89' lang='lat' dir='ltr'>quod</span> <span class='ocrx_word' id='word_1_150' title='bbox 717 2419 785 2481; x_wconf 87' lang='lat' dir='ltr'>tam</span> <span class='ocrx_word' id='word_1_151' title='bbox 813 2421 864 2480; x_wconf 91' lang='lat' dir='ltr'>est</span> <span class='ocrx_word' id='word_1_152' title='bbox 892 2415 1041 2499; x_wconf 84' lang='lat' dir='ltr'>expedita</span> <span class='ocrx_word' id='word_1_153' title='bbox 1069 2417 1266 2500; x_wconf 91' lang='lat' dir='ltr'>reliquorum</span> <span class='ocrx_word' id='word_1_154' title='bbox 1292 2440 1399 2482; x_wconf 82' lang='lat' dir='ltr'>exem-</span> 
     </span>
     <span class='ocr_line' id='line_1_21' title="bbox 248 2522 1398 2609; baseline -0.001 -19"><span class='ocrx_word' id='word_1_155' title='bbox 248 2527 376 2609; x_wconf 90' lang='lat' dir='ltr'>plorum</span> <span class='ocrx_word' id='word_1_156' title='bbox 400 2525 551 2588; x_wconf 87' lang='lat' dir='ltr'>tractatio</span> <span class='ocrx_word' id='word_1_157' title='bbox 576 2545 671 2606; x_wconf 89' lang='lat' dir='ltr'>quam</span> <span class='ocrx_word' id='word_1_158' title='bbox 694 2522 790 2587; x_wconf 91' lang='lat' dir='ltr'>huius</span> <span class='ocrx_word' id='word_1_159' title='bbox 814 2544 884 2587; x_wconf 88' lang='lat' dir='ltr'>esse</span> <span class='ocrx_word' id='word_1_160' title='bbox 907 2523 1149 2608; x_wconf 88' lang='lat' dir='ltr'>disceptabilem</span> <span class='ocrx_word' id='word_1_161' title='bbox 1173 2524 1289 2589; x_wconf 88' lang='lat' dir='ltr'>santio.</span> <span class='ocrx_word' id='word_1_162' title='bbox 1339 2524 1398 2589; x_wconf 81' lang='lat' dir='ltr'>Et-</span> 
     </span>
     <span class='ocr_line' id='line_1_22' title="bbox 248 2631 555 2696; baseline -0.01 -1"><span class='ocrx_word' id='word_1_163' title='bbox 248 2632 331 2695; x_wconf 91' lang='lat' dir='ltr'>enim</span> <span class='ocrx_word' id='word_1_164' title='bbox 356 2654 450 2696; x_wconf 87' lang='lat' dir='ltr'>versu</span> <span class='ocrx_word' id='word_1_165' title='bbox 475 2631 555 2695; x_wconf 81' lang='lat'>583:</span> 
     </span>
    </p>

    <p class='ocr_par' dir='ltr' id='par_1_6' title="bbox 337 2736 1397 2822">
     <span class='ocr_line' id='line_1_23' title="bbox 337 2736 1397 2822; baseline 0.003 -22"><span class='ocrx_word' id='word_1_166' title='bbox 337 2738 519 2821; x_wconf 83' lang='lat' dir='ltr'>Adgrediar</span> <span class='ocrx_word' id='word_1_167' title='bbox 537 2737 709 2801; x_wconf 89' lang='lat' dir='ltr'>hominem.</span> <span class='ocrx_word' id='word_1_168' title='bbox 734 2759 752 2799; x_wconf 94' lang='lat' dir='ltr'>o</span> <span class='ocrx_word' id='word_1_169' title='bbox 772 2738 898 2817; x_wconf 80' lang='lat' dir='ltr'>sperate</span> <span class='ocrx_word' id='word_1_170' title='bbox 918 2736 1158 2822; x_wconf 83' lang='lat' dir='ltr'>Pamphilippe,</span> <span class='ocrx_word' id='word_1_171' title='bbox 1181 2761 1296 2822; x_wconf 90' lang='lat' dir='ltr'>ospes</span> <span class='ocrx_word' id='word_1_172' title='bbox 1318 2762 1397 2818; x_wconf 75' lang='lat' dir='ltr'>mea</span> 
     </span>
    </p>

    <p class='ocr_par' dir='ltr' id='par_1_7' title="bbox 245 2843 1397 3458">
     <span class='ocr_line' id='line_1_24' title="bbox 340 2843 1019 2927; baseline 0.003 -20"><span class='ocrx_word' id='word_1_173' title='bbox 340 2844 366 2907; x_wconf 93' lang='grc' dir='ltr'>Ο</span> <span class='ocrx_word' id='word_1_174' title='bbox 392 2867 463 2908; x_wconf 86' lang='lat' dir='ltr'>mea</span> <span class='ocrx_word' id='word_1_175' title='bbox 487 2845 568 2927; x_wconf 87' lang='lat' dir='ltr'>uita,</span> <span class='ocrx_word' id='word_1_176' title='bbox 592 2865 610 2906; x_wconf 94' lang='lat' dir='ltr'>o</span> <span class='ocrx_word' id='word_1_177' title='bbox 635 2865 707 2906; x_wconf 88' lang='lat' dir='ltr'>mea</span> <span class='ocrx_word' id='word_1_178' title='bbox 730 2843 894 2926; x_wconf 88' lang='lat' dir='ltr'>uoluptas,</span> <span class='ocrx_word' id='word_1_179' title='bbox 918 2845 1019 2909; x_wconf 86' lang='lat' dir='ltr'>salue:</span> 
     </span>
     <span class='ocr_line' id='line_1_25' title="bbox 248 2949 1397 3036; baseline 0.005 -23"><span class='ocrx_word' id='word_1_180' title='bbox 248 2952 318 3034; x_wconf 90' lang='lat' dir='ltr'>quis</span> <span class='ocrx_word' id='word_1_181' title='bbox 354 2951 485 3014; x_wconf 87' lang='lat' dir='ltr'>taudem</span> <span class='ocrx_word' id='word_1_182' title='bbox 524 2954 598 3034; x_wconf 89' lang='lat' dir='ltr'>post</span> <span class='ocrx_word' id='word_1_183' title='bbox 638 2954 756 3033; x_wconf 72' lang='lat' dir='ltr'>sperate</span> <span class='ocrx_word' id='word_1_184' title='bbox 800 2949 982 3014; x_wconf 86' lang='lat' dir='ltr'>vocativum</span> <span class='ocrx_word' id='word_1_185' title='bbox 1024 2951 1273 3036; x_wconf 82' lang='lat' dir='ltr'>languidissima</span> <span class='ocrx_word' id='word_1_186' title='bbox 1311 2954 1397 3019; x_wconf 89' lang='lat' dir='ltr'>ferat</span> 
     </span>
     <span class='ocr_line' id='line_1_26' title="bbox 245 3043 1397 3144; baseline 0.003 -23"><span class='ocrx_word' id='word_1_187' title='bbox 245 3080 312 3138; x_wconf 83' lang='lat' dir='ltr'>spes</span> <span class='ocrx_word' id='word_1_188' title='bbox 340 3078 407 3120; x_wconf 83' lang='lat' dir='ltr'>ruou</span> <span class='ocrx_word' id='word_1_189' title='bbox 435 3058 554 3121; x_wconf 82' lang='lat' dir='ltr'>verba?</span> <span class='ocrx_word' id='word_1_190' title='bbox 585 3058 623 3120; x_wconf 92' lang='lat' dir='ltr'>dc</span> <span class='ocrx_word' id='word_1_191' title='bbox 652 3078 787 3142; x_wconf 90' lang='lat' dir='ltr'>quorum</span> <span class='ocrx_word' id='word_1_192' title='bbox 817 3043 999 3139; x_wconf 80' lang='lat' dir='ltr'>corruptela</span> <span class='ocrx_word' id='word_1_193' title='bbox 1027 3057 1186 3123; x_wconf 86' lang='lat' dir='ltr'>dubitatio</span> <span class='ocrx_word' id='word_1_194' title='bbox 1211 3081 1279 3124; x_wconf 91' lang='lat' dir='ltr'>nou</span> <span class='ocrx_word' id='word_1_195' title='bbox 1303 3066 1397 3144; x_wconf 83' lang='lat' dir='ltr'>esset,</span> 
     </span>
     <span class='ocr_line' id='line_1_27' title="bbox 247 3163 1394 3247; baseline 0.005 -21"><span class='ocrx_word' id='word_1_196' title='bbox 247 3163 374 3226; x_wconf 86' lang='lat' dir='ltr'>etiarnsi</span> <span class='ocrx_word' id='word_1_197' title='bbox 400 3185 516 3226; x_wconf 91' lang='lat' dir='ltr'>nomen</span> <span class='ocrx_word' id='word_1_198' title='bbox 550 3164 690 3228; x_wconf 88' lang='lat' dir='ltr'>hominis</span> <span class='ocrx_word' id='word_1_199' title='bbox 719 3163 800 3227; x_wconf 91' lang='lat' dir='ltr'>nihil</span> <span class='ocrx_word' id='word_1_200' title='bbox 824 3164 995 3247; x_wconf 88' lang='lat' dir='ltr'>quicquam</span> <span class='ocrx_word' id='word_1_201' title='bbox 1024 3166 1221 3230; x_wconf 87' lang='lat' dir='ltr'>controversi</span> <span class='ocrx_word' id='word_1_202' title='bbox 1249 3167 1394 3232; x_wconf 87' lang='lat' dir='ltr'>haberet.</span> 
     </span>
     <span class='ocr_line' id='line_1_28' title="bbox 249 3269 1394 3358; baseline 0.008 -27"><span class='ocrx_word' id='word_1_203' title='bbox 249 3269 349 3333; x_wconf 86' lang='lat' dir='ltr'>Poeta</span> <span class='ocrx_word' id='word_1_204' title='bbox 385 3270 459 3352; x_wconf 90' lang='lat' dir='ltr'>quid</span> <span class='ocrx_word' id='word_1_205' title='bbox 498 3271 676 3354; x_wconf 86' lang='lat' dir='ltr'>scripserit,</span> <span class='ocrx_word' id='word_1_206' title='bbox 719 3269 798 3333; x_wconf 87' lang='lat' dir='ltr'>satis</span> <span class='ocrx_word' id='word_1_207' title='bbox 842 3270 953 3334; x_wconf 89' lang='lat' dir='ltr'>docere</span> <span class='ocrx_word' id='word_1_208' title='bbox 995 3272 1149 3335; x_wconf 85' lang='lat' dir='ltr'>similium</span> <span class='ocrx_word' id='word_1_209' title='bbox 1191 3276 1394 3358; x_wconf 86' lang='lat' dir='ltr'>comparatio</span> 
     </span>
     <span class='ocr_line' id='line_1_29' title="bbox 247 3379 370 3458; baseline 0.033 -22"><span class='ocrx_word' id='word_1_210' title='bbox 247 3379 370 3458; x_wconf 87' lang='lat' dir='ltr'>potest:</span> 
     </span>
    </p>

    <p class='ocr_par' dir='ltr' id='par_1_8' title="bbox 248 3483 1394 3890">
     <span class='ocr_line' id='line_1_30' title="bbox 336 3483 1392 3568; baseline 0.005 -22"><span class='ocrx_word' id='word_1_211' title='bbox 336 3483 517 3568; x_wconf 83' lang='lat' dir='ltr'>Adgrediar</span> <span class='ocrx_word' id='word_1_212' title='bbox 540 3484 714 3547; x_wconf 88' lang='lat' dir='ltr'>hominem.</span> <span class='ocrx_word' id='word_1_213' title='bbox 738 3505 756 3546; x_wconf 93' lang='lat'>0</span> <span class='ocrx_word' id='word_1_214' title='bbox 782 3487 909 3567; x_wconf 84' lang='lat' dir='ltr'>sperate</span> <span class='ocrx_word' id='word_1_215' title='bbox 933 3483 1111 3568; x_wconf 88' lang='lat' dir='ltr'>Pamphile,</span> <span class='ocrx_word' id='word_1_216' title='bbox 1136 3508 1154 3549; x_wconf 93' lang='grc' dir='ltr'>ο</span> <span class='ocrx_word' id='word_1_217' title='bbox 1179 3486 1289 3552; x_wconf 80' lang='lat' dir='ltr'>salus</span> <span class='ocrx_word' id='word_1_218' title='bbox 1315 3511 1392 3553; x_wconf 86' lang='lat' dir='ltr'>mea.</span> 
     </span>
     <span class='ocr_line' id='line_1_31' title="bbox 248 3588 1394 3679; baseline 0.007 -26"><span class='ocrx_word' id='word_1_219' title='bbox 248 3588 386 3654; x_wconf 89' lang='lat' dir='ltr'>Huicine</span> <span class='ocrx_word' id='word_1_220' title='bbox 411 3596 518 3655; x_wconf 84' lang='lat' dir='ltr'>autem</span> <span class='ocrx_word' id='word_1_221' title='bbox 544 3590 650 3654; x_wconf 86' lang='lat' dir='ltr'>versui</span> <span class='ocrx_word' id='word_1_222' title='bbox 679 3590 862 3654; x_wconf 78' lang='lat' dir='ltr'>l&#39;lautinam</span> <span class='ocrx_word' id='word_1_223' title='bbox 890 3593 1030 3656; x_wconf 89' lang='lat' dir='ltr'>nominis</span> <span class='ocrx_word' id='word_1_224' title='bbox 1055 3592 1195 3657; x_wconf 88' lang='lat' dir='ltr'>formam</span> <span class='ocrx_word' id='word_1_225' title='bbox 1218 3595 1394 3679; x_wconf 87' lang='lat' dir='ltr'>redderem,</span> 
     </span>
     <span class='ocr_line' id='line_1_32' title="bbox 249 3698 1392 3783; baseline 0.006 -23"><span class='ocrx_word' id='word_1_226' title='bbox 249 3720 314 3761; x_wconf 90' lang='lat' dir='ltr'>non</span> <span class='ocrx_word' id='word_1_227' title='bbox 347 3699 511 3762; x_wconf 88' lang='lat' dir='ltr'>redderem</span> <span class='ocrx_word' id='word_1_228' title='bbox 545 3700 572 3761; x_wconf 91' lang='lat' dir='ltr'>ei</span> <span class='ocrx_word' id='word_1_229' title='bbox 604 3698 657 3780; x_wconf 86' lang='lat' dir='ltr'>qui</span> <span class='ocrx_word' id='word_1_230' title='bbox 688 3698 851 3781; x_wconf 88' lang='lat' dir='ltr'>praecedit</span> <span class='ocrx_word' id='word_1_231' title='bbox 881 3701 1085 3783; x_wconf 85' lang='lat' dir='ltr'>quantumvis</span> <span class='ocrx_word' id='word_1_232' title='bbox 1116 3702 1181 3765; x_wconf 88' lang='lat' dir='ltr'>alia</span> <span class='ocrx_word' id='word_1_233' title='bbox 1214 3704 1392 3769; x_wconf 86' lang='lat' dir='ltr'>offensione</span> 
     </span>
     <span class='ocr_line' id='line_1_33' title="bbox 248 3804 1287 3890; baseline 0.007 -23"><span class='ocrx_word' id='word_1_234' title='bbox 248 3804 371 3868; x_wconf 77' lang='lat' dir='ltr'>libero?</span> <span class='ocrx_word' id='word_1_235' title='bbox 418 3808 616 3881; x_wconf 72' lang='lat' dir='ltr'>Quemnam</span> <span class='ocrx_word' id='word_1_236' title='bbox 640 3809 737 3886; x_wconf 91' lang='lat' dir='ltr'>poeta</span> <span class='ocrx_word' id='word_1_237' title='bbox 760 3806 872 3888; x_wconf 88' lang='lat' dir='ltr'>tulcm,</span> <span class='ocrx_word' id='word_1_238' title='bbox 890 3806 953 3871; x_wconf 90' lang='lat' dir='ltr'>nisi</span> <span class='ocrx_word' id='word_1_239' title='bbox 978 3807 1085 3890; x_wconf 88' lang='lat' dir='ltr'>fallor,</span> <span class='ocrx_word' id='word_1_240' title='bbox 1110 3808 1287 3874; x_wconf 89' lang='lat' dir='ltr'>emisisset:</span> 
     </span>
    </p>

    <p class='ocr_par' dir='ltr' id='par_1_9' title="bbox 338 3911 1392 4001">
     <span class='ocr_line' id='line_1_34' title="bbox 338 3911 1392 4001; baseline 0.008 -27"><span class='ocrx_word' id='word_1_241' title='bbox 338 3911 394 3974; x_wconf 82' lang='lat' dir='ltr'>Set</span> <span class='ocrx_word' id='word_1_242' title='bbox 417 3912 542 3976; x_wconf 83' lang='lat' dir='ltr'>uideon’</span> <span class='ocrx_word' id='word_1_243' title='bbox 566 3932 626 3995; x_wconf 81' lang='lat' dir='ltr'>ogo</span> <span class='ocrx_word' id='word_1_244' title='bbox 651 3911 856 3995; x_wconf 87' lang='lat' dir='ltr'>Pamphilum</span> <span class='ocrx_word' id='word_1_245' title='bbox 876 3935 947 3977; x_wconf 89' lang='lat' dir='ltr'>cum</span> <span class='ocrx_word' id='word_1_246' title='bbox 967 3914 1068 3978; x_wconf 84' lang='lat' dir='ltr'>fratre</span> <span class='ocrx_word' id='word_1_247' title='bbox 1092 3935 1158 3978; x_wconf 89' lang='lat' dir='ltr'>suo</span> <span class='ocrx_word' id='word_1_248' title='bbox 1183 3914 1392 4001; x_wconf 78' lang='lat' dir='ltr'>Epignomo?</span> 
     </span>
    </p>

    <p class='ocr_par' dir='ltr' id='par_1_10' title="bbox 240 4022 1430 4532">
     <span class='ocr_line' id='line_1_35' title="bbox 996 4022 1232 4105; baseline 0.008 -21"><span class='ocrx_word' id='word_1_249' title='bbox 996 4025 1092 4105; x_wconf 89' lang='lat' dir='ltr'>atque</span> <span class='ocrx_word' id='word_1_250' title='bbox 1115 4022 1142 4085; x_wconf 89' lang='lat' dir='ltr'>is</span> <span class='ocrx_word' id='word_1_251' title='bbox 1165 4026 1232 4086; x_wconf 89' lang='lat' dir='ltr'>est:</span> 
     </span>
     <span class='ocr_line' id='line_1_36' title="bbox 249 4122 1392 4195; baseline 0.01 -15"><span class='ocrx_word' id='word_1_252' title='bbox 249 4142 312 4181; x_wconf 80' lang='lat' dir='ltr'>una</span> <span class='ocrx_word' id='word_1_253' title='bbox 345 4122 450 4185; x_wconf 81' lang='lat' dir='ltr'>deleta</span> <span class='ocrx_word' id='word_1_254' title='bbox 487 4146 541 4188; x_wconf 86' lang='lat' dir='ltr'>suo</span> <span class='ocrx_word' id='word_1_255' title='bbox 575 4127 687 4188; x_wconf 87' lang='lat' dir='ltr'>vocula</span> <span class='ocrx_word' id='word_1_256' title='bbox 724 4125 815 4190; x_wconf 91' lang='lat' dir='ltr'>licuit</span> <span class='ocrx_word' id='word_1_257' title='bbox 851 4128 994 4191; x_wconf 86' lang='lat' dir='ltr'>noviciae</span> <span class='ocrx_word' id='word_1_258' title='bbox 1032 4129 1229 4193; x_wconf 86' lang='lat' dir='ltr'>recensionis</span> <span class='ocrx_word' id='word_1_259' title='bbox 1271 4131 1392 4195; x_wconf 83' lang='lat' dir='ltr'>auctori</span> 
     </span>
     <span class='ocr_line' id='line_1_37' title="bbox 240 4225 1391 4321; baseline 0.014 -33"><span class='ocrx_word' id='word_1_260' title='bbox 240 4225 501 4308; x_wconf 71' lang='lat' dir='ltr'>Pusquulqpum</span> <span class='ocrx_word' id='word_1_261' title='bbox 534 4255 626 4295; x_wconf 89' lang='lat' dir='ltr'>suum</span> <span class='ocrx_word' id='word_1_262' title='bbox 655 4232 814 4297; x_wconf 88' lang='lat' dir='ltr'>invehere.</span> <span class='ocrx_word' id='word_1_263' title='bbox 865 4234 932 4297; x_wconf 89' lang='lat' dir='ltr'>Nec</span> <span class='ocrx_word' id='word_1_264' title='bbox 961 4235 1080 4299; x_wconf 88' lang='lat' dir='ltr'>maiore</span> <span class='ocrx_word' id='word_1_265' title='bbox 1109 4258 1209 4319; x_wconf 89' lang='lat' dir='ltr'>opera</span> <span class='ocrx_word' id='word_1_266' title='bbox 1238 4238 1391 4321; x_wconf 84' lang='lat' dir='ltr'>quemin</span> 
     </span>
     <span class='ocr_line' id='line_1_38' title="bbox 248 4333 1391 4429; baseline 0.01 -34"><span class='ocrx_word' id='word_1_267' title='bbox 248 4333 297 4396; x_wconf 88' lang='lat' dir='ltr'>his</span> <span class='ocrx_word' id='word_1_268' title='bbox 323 4333 461 4416; x_wconf 86' lang='lat' dir='ltr'>duobus,</span> <span class='ocrx_word' id='word_1_269' title='bbox 494 4339 549 4418; x_wconf 88' lang='lat' dir='ltr'>qui</span> <span class='ocrx_word' id='word_1_270' title='bbox 577 4339 689 4420; x_wconf 83' lang='lat' dir='ltr'>quales</span> <span class='ocrx_word' id='word_1_271' title='bbox 718 4339 751 4402; x_wconf 93' lang='lat' dir='ltr'>in</span> <span class='ocrx_word' id='word_1_272' title='bbox 780 4341 997 4405; x_wconf 88' lang='lat' dir='ltr'>Ambrosieno</span> <span class='ocrx_word' id='word_1_273' title='bbox 1026 4342 1209 4429; x_wconf 82' lang='lat' dir='ltr'>exstiterint</span> <span class='ocrx_word' id='word_1_274' title='bbox 1236 4366 1279 4409; x_wconf 90' lang='lat' dir='ltr'>ne</span> <span class='ocrx_word' id='word_1_275' title='bbox 1308 4367 1391 4409; x_wconf 90' lang='lat' dir='ltr'>com-</span> 
     </span>
     <span class='ocr_line' id='line_1_39' title="bbox 250 4442 1430 4532; baseline 0.014 -31"><span class='ocrx_word' id='word_1_276' title='bbox 250 4445 372 4521; x_wconf 84' lang='lat' dir='ltr'>pertum</span> <span class='ocrx_word' id='word_1_277' title='bbox 398 4442 524 4523; x_wconf 90' lang='lat' dir='ltr'>quidem</span> <span class='ocrx_word' id='word_1_278' title='bbox 549 4444 645 4508; x_wconf 86' lang='lat' dir='ltr'>hodie</span> <span class='ocrx_word' id='word_1_279' title='bbox 669 4450 732 4530; x_wconf 91' lang='lat' dir='ltr'>est,</span> <span class='ocrx_word' id='word_1_280' title='bbox 755 4447 789 4510; x_wconf 88' lang='lat' dir='ltr'>iu</span> <span class='ocrx_word' id='word_1_281' title='bbox 813 4448 859 4510; x_wconf 89' lang='lat' dir='ltr'>eis</span> <span class='ocrx_word' id='word_1_282' title='bbox 884 4449 937 4530; x_wconf 86' lang='lat' dir='ltr'>qui</span> <span class='ocrx_word' id='word_1_283' title='bbox 958 4452 1130 4532; x_wconf 87' lang='lat' dir='ltr'>supersunt</span> <span class='ocrx_word' id='word_1_284' title='bbox 1149 4450 1299 4515; x_wconf 87' lang='lat' dir='ltr'>versibus</span> <span class='ocrx_word' id='word_1_285' title='bbox 1319 4453 1390 4516; x_wconf 73' lang='lat'>5:27.</span> <span class='ocrx_word' id='word_1_286' title='bbox 1406 4501 1430 4517; x_wconf 91' lang='lat'><strong>.</strong></span> 
     </span>
    </p>
   </div>
   <div class='ocr_carea' id='block_1_3' title="bbox 0 0 1470 5452">
    <p class='ocr_par' dir='ltr' id='par_1_11' title="bbox 0 0 1470 5452">
     <span class='ocr_line' id='line_1_40' title="bbox 0 0 1470 5452; baseline 0 4"><span class='ocrx_word' id='word_1_287' title='bbox 0 0 1470 5452; x_wconf 95' lang='lat' dir='ltr'> </span> 
     </span>
    </p>
   </div>
  </div>
 </body>
</html>
