2932 5452
535 752 740 808 pauperare
1177 784 1208 822 ,fl

63 916 140 980 roric
164 914 408 994 εὐτοχεετέρουε
433 917 680 995 θεραπαινιδίω(
705 916 917 996 ἀποδύρεεθαι
941 918 970 1004 (Ι
991 918 1043 1004 35,
1065 921 1080 983 1
1102 919 1141 986 cf.
1160 918 1211 1002 3):

65 1021 122 1086 sed
146 1022 181 1087 in
205 1021 335 1088 Petalae
364 1024 504 1107 epistula
528 1028 595 1088 tam
620 1025 724 1089 multa
748 1047 820 1088 eum
845 1025 1031 1091 Truculenti
1054 1027 1093 1090 de
1116 1026 1209 1092 Dini-

64 1128 165 1194 arebo
193 1129 274 1194 loeis
295 1110 487 1213 ’concinunt
517 1136 552 1195 ut
580 1131 667 1196 casui
697 1133 875 1196 attribuere
904 1155 1052 1217 nequeas.
1098 1133 1212 1219 Itaque

63 1258 136 1300 eum
162 1237 483 1322 ν.16ῖιεη.οί.ἐγὼ
512 1240 547 1302 δὲ
576 1240 595 1316 ἡ
624 1238 758 1302 τάλαινα
785 1239 965 1322 θρηνῳδόν,
993 1240 1052 1303 οὐκ
1079 1241 1212 1319 ἐραετὴν

63 1342 145 1422 ἔχω,
173 1365 247 1409 eum
276 1367 304 1408 v.
327 1345 368 1409 51
386 1367 455 1430 sqq.
483 1344 522 1410 cf.
551 1350 610 1410 νῦν
640 1347 674 1409 δὲ
703 1350 752 1411 δεῑ
781 1346 917 1425 χρυείων
949 1349 1036 1425 ἡμῖν,
1068 1347 1211 1425 ἱματίων,

63 1449 195 1529 κόεμοο,
224 1452 485 1530 θεραπαινιδίων,
518 1454 536 1530 ἡ
566 1456 624 1517 τοῦ
654 1453 722 1535 βίαιι
753 1453 900 1532 διοίκηειε
924 1454 1030 1517 ἅπαεα
1054 1455 1212 1532 ἐντεῦθεν,

62 1579 137 1622 eum
162 1581 189 1621 v.
208 1559 267 1623 181
294 1559 399 1642 priore
423 1564 570 1643 parte-
589 1581 664 1622 riam
690 1559 794 1624 altera
817 1560 914 1643 plane
934 1566 1086 1644 corrupta
1106 1565 1155 1625 est
1172 1598 1208 1606 -

62 1664 130 1740 ἐγὼ
150 1666 186 1728 δὲ
211 1664 251 1729 ἂν
274 1669 384 1744 μήτι(
409 1667 427 1730 ὁ
451 1669 558 1731 διδοὺε
578 1669 610 1750 q,
635 1669 772 1746 πεινήεω
792 1668 829 1730 τὸ
849 1667 958 1746 καλόν,
982 1668 1120 1751 denique
1139 1690 1208 1732 eum

63 1793 92 1834 τ.
118 1770 196 1836 71οε
230 1773 339 1849 ’έτεροε
368 1772 407 1836 ἂν
441 1774 686 1851 λοιδορούνενοε
715 1773 838 1853 ἔγραφε
868 1775 918 1837 καί
947 1773 1102 1852 ἀπειλῶν,
1136 1760 1211 1838 ἀλλ’

63 1877 131 1954 ἐγὼ
156 1869 354 1964 δεόμενοεῑλ
367 1881 417 1942 καί
437 1878 624 1959 ἀντιβολῶν.

153 1983 292 2049 Accedit
319 1985 395 2049 libri
423 1985 472 2049 Ill
497 1986 589 2068 epist.
614 1987 670 2049 50:
701 1987 759 2051 οὐκ
788 1985 942 2065 ἀνέχομαι
966 1988 1053 2067 δρῶν
1077 1991 1209 2056 Ζευξίπ-

62 2113 128 2171 πην
155 2094 214 2172 τὴν
236 2092 442 2171 ίππόπορνον
466 2093 596 2172 ἀπηνῶε
620 2099 666 2176 τῷ
689 2095 838 2179 μειρακίῳ
864 2098 1038 2174 χρωμένην.
1086 2097 1125 2161 οὐ
1149 2099 1209 2176 γὰρ

63 2203 246 2264 δαπανᾶται
275 2199 319 2264 εἰ(
349 2200 448 2278 αὐτὴν
476 2201 604 2279 χρυείον
635 2200 735 2278 μόνον
763 2202 813 2265 καί
842 2202 1012 2281 ἀργύριον,
1045 2202 1121 2267 ἀλλ’
1148 2206 1209 2282 ἤδη

63 2307 115 2371 καὶ
148 2307 305 2370 ευνοικίαε
341 2307 391 2370 καί
424 2306 551 2384 ἀγρούε.
596 2309 616 2386 ἡ
650 2310 684 2370 δέ
715 2309 767 2371 ἐπί
795 2311 896 2374 πλέον
929 2311 1117 2389 ἐκτύφεεθαι
1150 2312 1209 2374 τὸν

62 2412 168 2493 ἔρωτα
192 2414 297 2477 τούτω
321 2416 532 2492 μηχανωμένη
555 2418 613 2478 τοῦ
637 2416 781 2494 Εὐβοέως
805 2416 882 2493 ἐρᾶν
907 2421 1126 2494 προεποιεῑται
1150 2421 1208 2480 τοῦ

62 2519 243 2597 νεανίεκου,
275 2521 330 2584 ίνα
363 2521 413 2583 καὶ
445 2521 563 2584 τούτου
597 2524 858 2600 καταεπαθήεαεα
887 2523 990 2585 οὕτω(
1023 2521 1078 2585 ἐπ’
1109 2521 1210 2587 ἄλλον

61 2628 165 2709 τρέψῃ
190 2627 247 2691 τὸν
272 2627 376 2706 ἔρωτα
400 2624 496 2711 κτέέ)
538 2626 609 2690 Ηοο
633 2628 704 2691 loeo
729 2650 802 2691 eum
826 2628 971 2692 condicio
996 2629 1148 2692 universa
1171 2629 1209 2692 ad

61 2731 277 2798 Phronesium
302 2734 577 2819 Diniarelrumque
607 2734 744 2818 quadrat
775 2773 814 2779 -—
840 2735 925 2818 quod
954 2757 1069 2818 parum
1094 2741 1143 2800 est
1169 2773 1206 2782 —

62 2845 134 2904 tum
168 2862 250 2924 quae
279 2841 319 2906 ad
346 2841 447 2905 nimia
475 2841 654 2904 anrarrtiuru
683 2840 767 2905 dona
796 2841 1005 2905 describenda
1038 2842 1209 2906 adhibetur

61 2947 185 3011 locutio
214 2948 371 3013 ευνοικίαε
404 2949 453 3011 καί
482 2947 600 3024 ἀγροιίε
634 2969 697 3011 non
728 2951 836 3030 potest
865 2970 930 3011 non
959 2949 992 3011 in
1021 2950 1209 3012 memoriam

61 3075 215 3118 revocare
239 3055 317 3119 illud
342 3053 450 3117 ‘fundi
475 3057 507 3117 et
531 3051 635 3116 aedis’
659 3057 773 3136 quater
796 3053 968 3137 repetitum
988 3050 1030 3138 (ν.
1049 3055 1209 3119 171177.

64 3161 139 3225 187.
162 3159 251 3245 214).

152 3268 298 3333 Eandem
322 3290 397 3333 vero
420 3267 614 3332 locutionem
640 3268 673 3330 in
695 3268 793 3331 simili
813 3267 974 3331 sententia
994 3288 1064 3332 cum
1084 3267 1209 3333 ‘Lucia-

61 3373 136 3439 nus'
161 3379 295 3459 usurpet
317 3376 350 3439 in
365 3375 480 3439 Toxar.
496 3397 521 3437 c.
539 3376 570 3437 1..
604 3371 656 3457 (τὰ
680 3376 737 3451 μέν
761 3376 822 3453 γὰρ
846 3380 934 3454 δῶρα
959 3377 1101 3442 edrard
1124 3382 1208 3456 μῆλα

61 3487 116 3550 καί
152 3483 331 3563 ετεφάνουε
368 3481 554 3545 ἀντεδίδοτο
597 3480 694 3564 αὐτῇ,
736 3481 819 3545 ἀλλὰ
861 3485 1011 3549 ευνοικίαι
1048 3484 1121 3549 ὅλαι
1159 3488 1210 3549 καὶ

61 3591 157 3670 ἀγροί
189 3591 239 3654 καὶ
272 3589 460 3668 θεράπαιναι
493 3589 543 3651 καί
571 3588 698 3664 ἐεθῆτεε
726 3589 872 3677 εὐανθεῖς
901 3592 952 3655 καὶ
980 3594 1096 3670 χρυεόν
1129 3591 1208 3655 ὁπό-

62 3720 120 3764 εον
147 3700 314 3777 ἐθελήεειε.
361 3697 411 3759 καὶ
441 3695 469 3758 τί
498 3694 571 3772 γάρ;
607 3696 642 3757 έν
673 3700 783 3773 βραχεῖ
807 3695 826 3758 ὁ
850 3698 997 3762 Λύεωνοε
1022 3699 1107 3763 οἶκος
1133 3701 1207 3779 [Λυ-

61 3806 129 3870 (ίαε
153 3808 247 3889 pater
270 3808 320 3867 est
343 3803 428 3887 apud
448 3800 678 3883 Aleiphronem
702 3799 752 3863 Ill
776 3802 832 3880 50]
863 3802 1118 3880 ἀνομαετότατοε
1143 3811 1208 3870 τῶν

62 3915 99 3977 ἐν
119 3910 220 3993 Ἰωνίᾳ
243 3911 416 3989 γενόμενος
436 3911 606 3986 ἐξήντλητο
626 3909 685 3984 ἤδη
707 3909 756 3969 καὶ
776 3905 1018 3992 ἐξεκεκένωτο),
1043 3910 1207 3973 abeodem

63 4017 172 4102 capite
196 4016 235 4080 de
258 4017 428 4101 puerperio
453 4039 472 4078 a
496 4012 663 4077 meretrice
688 4011 882 4077 adsimulato
907 4015 1016 4098 agitur
1040 4012 1135 4098 (ἀλλο
1155 4016 1207 4078 ἐπί

137 4239 164 4304 1)
183 4235 254 4289 Hinc
273 4251 335 4289 eum
355 4229 490 4302 δεόμενος
511 4229 660 4301 ‘precario’
683 4231 727 4297 sit,
747 4231 792 4285 eui
812 4231 876 4285 ‘vis'
897 4233 1001 4301 opponi
1019 4234 1108 4287 soleat
1124 4237 1208 4301 (ἀπει-

62 4317 132 4384 λῶν)
156 4314 186 4367 in
209 4315 339 4383 corrupta
363 4331 389 4365 ν.
410 4317 461 4364 710
485 4313 565 4379 parte
589 4309 671 4364 huius
695 4311 837 4366 notionem
860 4311 955 4380 intuli,
980 4330 1064 4381 quam
1087 4314 1155 4366 olim
1179 4315 1207 4368 in

62 4396 131 4450 rand
158 4396 288 4461 (animes)
323 4393 461 4462 quaesivi3
486 4392 559 4460 quod
584 4408 645 4444 cum
670 4391 726 4444 iam
751 4409 783 4445 ex
803 4411 828 4446 ν.
848 4399 908 4447 525.
929 4399 979 4446 543
1006 4393 1092 4446 satius
1116 4393 1207 4447 visum

62 4477 100 4531 sit
119 4477 188 4531 δοαο
208 4476 325 4537 (aretino)
347 4473 538 4542 interpretari,
561 4474 659 4529 (πνοιαί
678 4472 807 4526 adhibui:
832 4473 943 4527 videtur
963 4476 1057 4527 autem
1073 4490 1105 4526 ex
1125 4491 1207 4529 versu

63 4558 102 4612 sic
128 4557 281 4611 constituto
308 4554 402 4622 aliquo
423 4555 504 4608 modo
524 4553 635 4607 defendi
659 4570 753 4621 posse,
782 4553 816 4607 de
841 4571 896 4621 quo
921 4553 1066 4619 dubitant,
1092 4555 1145 4608 uis
1170 4561 1207 4608 est

63 4637 213 4706 reperirier
232 4654 257 4689 v.
279 4641 337 4689 753.

135 4722 164 4786 2)
182 4718 330 4770 Praeterea
352 4717 422 4769 haec
447 4714 569 4783 epistula
588 4714 632 4766 vel
656 4713 796 4767 senarium
820 4713 945 4768 continet
963 4733 980 4768 a
999 4713 1140 4770 Meinelrio
1159 4716 1207 4771 de·

61 4798 168 4854 tectum
187 4801 272 4864 καλή(
291 4800 381 4850 καλῶ(
400 4798 590 4861 ἀπολαύωμεν
608 4799 658 4860 τήε
676 4798 844 4861 πληεμονήε,
864 4795 912 4863 ηιιί
933 4793 1000 4850 item
1022 4813 1077 4852 non
1098 4797 1205 4851 alienus

63 4880 105 4933 ert
123 4894 141 4933 a
159 4877 323 4933 Truculeuti
341 4880 505 4948 argumento
525 4876 612 4943 (velut
632 4895 656 4930 ν.
677 4880 835 4930 344-348ι.
