2932 5452
106 683 247 734 756-770
586 675 772 731 ΑΡΡΕΝΒΙΧ
1188 677 1252 742 165

100 839 243 908 proposito
266 854 401 908 apparere
421 843 500 907 puto.
543 838 634 893 Verbo
659 839 797 893 contende
816 854 837 891 e.
856 855 880 906 q.
899 855 920 893 s.
958 839 1095 894 Daemoni
1118 840 1252 893 tribuebat

104 919 230 989 Ipladcs.
257 948 290 959 -
314 919 396 987 tergo
419 918 482 972 uter
507 917 544 972 sit
566 935 634 987 argo
653 918 767 973 Reieim
790 935 851 972 cum
869 919 1015 974 Dasuldeo
1035 921 1157 986 (servans
1175 919 1252 974 Tusa

105 998 177 1053 istus
196 999 282 1066 sunt).
320 1013 387 1065 ergo
405 999 486 1067 tergo
505 999 567 1052 uter
586 999 624 1052 sit
647 999 792 1068 Vssinpr‘us
815 999 907 1065 (etiam
925 999 959 1052 ele
980 1002 1061 1069 tergo
1080 1000 1192 1053 delersdo
1209 1016 1251 1054 co·

102 1077 216 1147 pitane).
253 1078 317 1133 uter
340 1076 378 1130 sit
400 1078 480 1146 tergo
505 1077 598 1132 uerior
616 1079 737 1147 ineptum
760 1082 811 1144 est,
833 1078 891 1132 nisi
909 1078 1026 1132 uerbera
1049 1079 1091 1133 uel
1112 1078 1167 1132 tale
1184 1079 1252 1145 quiet

103 1157 363 1228 mamburnum
389 1158 434 1211 sil.
480 1174 505 1213 e.
534 1173 558 1211 e.
586 1176 613 1212 0.
641 1175 662 1212 s.
690 1157 710 1210 t.
744 1156 839 1227 purior
866 1157 1016 1227 Sopita-etus
1044 1158 1130 1212 ‘Berl
1153 1158 1250 1225 pbilol.

111 1235 311 1293 Woebsrssrbr!
329 1253 357 1291 a.
376 1239 450 1291 1887
464 1254 495 1306 p.
513 1241 570 1292 366
579 1253 617 1307 so.
636 1239 700 1293 060.
720 1253 812 1292 emma
830 1237 943 1292 initium
960 1240 1067 1305 frustra
1085 1253 1200 1307 apuam
1218 1254 1251 1292 ex

103 1316 131 1371 A
148 1321 280 1372 mactum
298 1316 344 1369 r'ri.

175 1402 236 1451 750.
257 1394 456 1451 offerumentas
471 1395 597 1464 plerique
614 1397 684 1450 male
702 1396 824 1452 adbibita
840 1395 918 1451 Festi
936 1397 993 1451 loco
1009 1413 1031 1451 s.
1045 1414 1069 1451 o.
1084 1397 1251 1463 ofcrumeula

103 1479 148 1546 (cs.
168 1474 314 1530 Turnebus
327 1473 441 1529 Aduers.
457 1472 537 1527 XVI
546 1477 606 1542 22),
625 1477 698 1531 unde
716 1475 752 1529 Ni
771 1479 803 1529 ta
817 1476 947 1541 Reicies,
964 1474 1027 1530 Nisi
1041 1476 1160 1530 Botbius
1178 1477 1251 1542 olim,

103 1559 212 1626 (postea
235 1553 273 1609 Ni
291 1554 500 1608 obferrumenta
519 1552 664 1610 exhibebis
688 1553 781 1625 pluria
799 1556 962 1625 corripere),
985 1554 1022 1609 Ni
1046 1555 1250 1626 100001οΒ000-

101 1651 221 1690 manaus
247 1634 349 1688 ‘Uebcr
373 1633 400 1687 6.
422 1632 501 1688 Gebr.
526 1634 572 1688 eles
595 1636 698 1689 condic.
718 1635 771 1686 Μ’
797 1637 838 1690 cal.
857 1636 935 1703 Lips.
959 1654 985 1689 a.
1004 1639 1080 1690 1887
1098 1652 1128 1703 p.
1149 1635 1250 1689 5060.

102 1714 295 1769 offerimeutas
315 1713 460 1784 Vssr'npius
478 1714 607 1769 inaniter.
638 1714 851 1770 offerrumentas
871 1717 1009 1769 cobocrerc
1022 1732 1084 1770 cum
1101 1715 1251 1782 ferrumine

99 1794 383 1863 ferruminotr'ouequc
397 1798 422 1848 ct
435 1793 576 1848 cicatrices
589 1795 733 1865 elesipnare
747 1795 851 1849 dudum
867 1794 949 1849 Valla
963 1796 1140 1851 intellexerat.
1163 1794 1248 1847 ferru-

101 1875 268 1940 meutas·(nt
283 1872 326 1942 F)
340 1871 456 1928 6010100
470 1877 505 1942 (u.
521 1878 573 1928 754
588 1890 634 1929 ero
651 1876 702 1930 del.
717 1876 807 1944 1600).
834 1875 878 1930 De
890 1893 914 1931 0.
930 1881 982 1930 755
997 1878 1031 1943 ct.
1047 1875 1250 1931 Stucleruunelus

101 1955 181 2024 apud
199 1953 358 2009 Sclrererum
376 1952 394 2006 l.
413 1968 434 2006 s.
453 1969 474 2008 s.
489 1969 520 2022 p.
541 1957 583 2007 31.

174 2038 236 2088 757.
255 2031 408 2101 Optumum
427 2049 511 2101 opere
530 2047 592 2087 esse
610 2032 741 2088 faciundo
760 2034 882 2089 Guietus.

175 2119 228 2169 760
236 2130 291 2184 sqq.
320 2111 364 2167 De
386 2112 465 2181 atqui
488 2114 523 2180 cs.
547 2112 712 2168 Bibbeelrr'us
735 2117 768 2169 de
787 2115 888 2183 portic.
910 2118 1011 2183 p.19,
1038 2114 1195 2169 Xienitrr'us
1218 2116 1251 2168 ele

102 2206 176 2252 arra
187 2195 291 2264 portic.
313 2210 342 2263 p.
362 2199 412 2262 10,
433 2194 466 2248 ele
489 2195 578 2248 semul
597 2195 763 2250 Ritscbelr'us
784 2194 891 2264 Prolep.
911 2212 941 2262 p.
967 2192 1099 2247 XCVII.
1143 2193 1172 2247 V.
1198 2199 1247 2248 761

100 2273 219 2328 Veneris
237 2270 427 2327 aduersariust
447 2273 565 2343 Pylades
589 2272 702 2342 (Veneri
725 2275 807 2328 eliam
826 2274 993 2342 Bentleius):
1016 2275 1061 2328 cui
1079 2275 1170 2327 versui
1193 2275 1250 2339 suit

99 2355 150 2424 qui
170 2371 193 2410 o.
214 2358 266 2407 766
283 2358 463 2421 praeponeret
481 2368 544 2407 mou
562 2355 602 2408 sic
619 2355 754 2408 ordinans
773 2359 833 2408 767.
854 2361 913 2408 768.
934 2358 1083 2407 762-705.
1109 2358 1168 2408 760.
1189 2359 1248 2407 770.

100 2440 154 2488 764
177 2435 236 2487 sinc
259 2433 450 2500 cruolumento,
475 2438 639 2502 quarequum
663 2439 732 2488 recte
755 2435 842 2489 haesit
865 2435 896 2488 in
919 2435 1029 2503 dialopo
1052 2434 1118 2502 ipso.
1156 2433 1250 2502 Neque

99 2516 174 2569 erum
202 2512 357 2566 Volcanum
391 2512 528 2566 adducam
556 2513 637 2566 verbu
664 2531 687 2569 0.
718 2519 769 2569 764
799 2530 948 2582 prouocare
978 2519 1113 2581 poteraut.
1160 2513 1250 2582 Atque

98 2613 124 2649 0,
145 2600 198 2648 750
217 2591 300 2647 DAE.
321 2593 381 2658 Quo
401 2591 461 2645 illie
479 2591 513 2646 iit
532 2592 603 2659 (abit
621 2592 741 2647 Reieius.
780 2592 859 2658 Quod
883 2593 907 2647 it
925 2591 984 2647 illio
1003 2592 1129 2660 Guietus)
1148 2598 1173 2646 et
1191 2593 1249 2649 Tit.

99 2673 125 2726 si
144 2672 278 2739 Bolbius,
299 2689 323 2725 0.
344 2675 395 2725 764
411 2672 533 2726 Labraci
550 2673 629 2726 rodeli
646 2673 765 2728 iusserat
779 2674 956 2744 Loelemipius
978 2673 1081 2727 ‘Zsclir
1100 2674 1121 2739 s.
1137 2673 1171 2726 A.
1192 2673 1246 2726 W.’

99 2771 125 2806 a.
149 2753 223 2806 1842
237 2768 267 2818 p.
287 2755 362 2804 1066
386 2751 584 2818 (sorbebere,
607 2751 740 2806 uictitant
758 2754 960 2808 desideraverat
982 2754 1074 2806 sallem
1094 2752 1249 2805 Saracenus

99 2849 185 2901 00000
199 2831 337 2899 pluralem
356 2836 417 2899 apte
436 2832 572 2898 explicare
590 2833 680 2900 potuit
694 2832 870 2901 Laeleuipius
884 2849 1001 2900 prorsus
1015 2833 1247 2899 0001000000·οε-

99 2918 175 2966 tereo
193 2911 275 2966 verbo
293 2908 353 2963 ficis
372 2909 535 2965 uictitamus
555 2909 640 2964 aridia
658 2913 698 2966 sic
712 2915 806 2981 posita
824 2930 915 2967 carere
933 2913 1030 2978 sensu).
1075 2911 1105 2965 V.
1126 2917 1176 2964 763
1195 2911 1249 2964 tibi

99 2990 201 3046 messis
226 2990 319 3044 hercle
343 2989 372 3043 iu
397 3006 445 3045 ore
469 2991 517 3044 fiet
535 2990 658 3044 Guietus.
692 2989 745 3043 tibi
768 2991 861 3044 hercle
885 2990 984 3044 messis
1004 2991 1032 3043 in
1052 3006 1098 3043 ors
1118 2990 1247 3044 60110οί-

98 3075 169 3126 zius.
207 3071 259 3125 tibi
283 3070 377 3124 hercle
402 3069 431 3122 in
458 3085 505 3123 ore
529 3071 577 3123 fiet
600 3071 698 3124 messis
720 3070 919 3125 Fleckeiscnus.
957 3071 1051 3123 hercle
1075 3069 1128 3123 tibi
1152 3070 1248 3123 messis

99 3153 152 3206 fiet
175 3150 203 3204 iu
229 3167 276 3204 ore
299 3149 451 3218 Vsstnpius.
488 3150 583 3203 hercle
607 3149 659 3204 tibi
683 3149 780 3203 messis
805 3152 853 3203 tuo
873 3150 901 3203 in
922 3167 969 3204 ore
993 3151 1248 3205 6006001000.-

101 3230 206 3299 mergis
225 3228 326 3298 pugnis
341 3229 427 3297 probe
445 3230 571 3300 Pylades.
607 3230 637 3282 V.
652 3235 702 3282 765
723 3230 836 3296 quidem
852 3232 902 3285 601.
921 3229 1043 3284 Greietus.
1061 3263 1091 3270 -
1109 3231 1248 3285 conflandi

102 3312 132 3365 iu
159 3309 249 3378 capite
268 3313 317 3363 tuo
336 3309 462 3379 Pyladea.
502 3308 541 3374 Os.
565 3310 604 3362 sis
623 3309 803 3363 Franelccuus
822 3311 839 3365 l.
859 3327 880 3364 s.
898 3327 918 3364 s.
939 3327 969 3378 p.
990 3315 1033 3364 55.
1077 3311 1107 3366 V.
1128 3312 1248 3365 766100

100 3389 196 3444 hercle
221 3389 277 3443 alio
304 3387 438 3443 Goetaius.
470 3420 502 3427 -
531 3387 627 3456 aliquo
656 3389 748 3456 ignem
777 3390 963 3457 quaeritatum
990 3391 1116 3460 Pylades.
1154 3391 1248 3460 iguem

100 3470 199 3537 aliquo
218 3467 408 3535 quaeritatum
429 3467 551 3522 Guietus.
591 3467 686 3536 aliquo
710 3470 897 3536 quaeritatum
921 3469 960 3522 mi
983 3469 1077 3537 iguem
1097 3470 1247 3525 Muellerus

98 3552 180 3606 Pras.
197 3567 226 3618 p.
247 3553 310 3602 567.
338 3564 362 3601 a.
383 3566 410 3616 q.
430 3546 536 3616 liguum
556 3546 596 3602 E.
618 3579 648 3585 —
669 3547 737 3614 quid
756 3550 815 3602 tum
836 3568 898 3603 cum
919 3550 1102 3604 Camerarius.

176 3635 236 3684 767.
257 3628 326 3698 quin
344 3630 375 3682 ut
393 3631 424 3681 tu
444 3645 557 3681 manum
578 3626 759 3682 Camerarius.
791 3627 873 3696 quine
894 3629 944 3696 (sic
962 3628 1120 3696 Acielolius)
1139 3630 1247 3718 tu'ma-

101 3730 169 3765 num
191 3711 321 3777 Rcirius,
341 3708 522 3762 Frauelcenus
541 3709 557 3761 l.
577 3724 597 3761 s.
617 3725 636 3760 s.
652 3725 682 3776 p.
703 3713 746 3762 55.
780 3709 847 3775 quin
865 3709 898 3760 ut
917 3711 947 3761 tu
967 3709 1062 3761 fenum
1082 3712 1116 3775 (et
1134 3707 1186 3776 ib1)
1207 3711 1246 3762 Is.

104 3793 260 3845 Pantanus.
299 3789 369 3854 Quin
394 3791 454 3842 tute
474 3789 625 3841 humanum
646 3787 793 3857 Seytt'ertus
812 3790 890 3842 Strui.
911 3789 955 3842 Pl.
980 3806 1006 3856 p.
1027 3794 1052 3842 3,
1095 3789 1246 3841 humanum

99 3872 168 3924 mire
186 3872 306 3940 explieat
325 3870 474 3936 Lanpenus
488 3868 592 3920 Annal.
610 3868 677 3934 pail
694 3867 780 3921 CXX
786 3869 811 3919 l'
817 3887 847 3938 p.
864 3874 931 3923 759.-
949 3870 995 3922 seel
1013 3886 1046 3920 uc
1065 3867 1246 3920 inhumanum

99 3950 207 4019 quidem
226 3955 323 4018 aptum
341 3949 450 4002 016600
469 3947 612 4015 aptiusque
633 3946 810 4004 Tracbale'oni
834 3949 975 4002 adscribas
994 3948 1064 4001 relect
1083 3946 1172 4010 Quina
1192 3947 1246 3999 hir·

100 4032 191 4084 sutum
212 4046 296 4083 auum
315 4045 413 4082 exuras
431 4025 503 4081 tibi?

173 4116 232 4164 768.
253 4112 285 4162 ut
303 4126 353 4162 om.
373 4109 500 4177 Pylades.
520 4138 552 4147 —
572 4107 634 4162 An:
654 4109 749 4161 ambas
769 4106 814 4159 hic
835 4107 862 4160 io
882 4124 930 4160 ara
950 4151 955 4160 .
977 4149 982 4159 .
1004 4149 1009 4158 .
1029 4106 1196 4158 ambarum?

172 4195 224 4243 760
234 4205 291 4258 sqq.
313 4187 490 4242 Praetutiani
507 4188 688 4241 6006000001
706 4204 797 4241 uersus
815 4203 871 4240 uon
884 4187 962 4240 00060
976 4187 1008 4240 ob
1023 4203 1045 4239 o.
1063 4190 1111 4238 771
1124 4202 1162 4253 sq.
1178 4186 1247 4239 neate

101 4270 283 4332 continuatos,
301 4268 347 4320 secl
366 4268 448 4321 ctiam
466 4268 498 4320 ob
517 4268 607 4321 minas
626 4269 701 4336 ipsas
719 4270 770 4321 uui
787 4283 862 4321 scrro
881 4272 968 4335 aptos.
1002 4266 1076 4319 Nam
1096 4265 1247 4319 Daemones

101 4352 154 4404 olm
172 4363 275 4417 semper
294 4347 406 4401 lorariis
421 4349 543 4402 mandat.
573 4347 704 4401 continuo
718 4347 851 4415 arripiam
868 4346 953 4399 barba
968 4348 996 4397 ct
1010 4345 1130 4398 licinus.
1159 4344 1247 4397 barba

102 4427 254 4484 continued
272 4425 406 4496 arripiam
427 4429 457 4481 et
473 4429 599 4483 Botbius.
632 4426 720 4481 barba
738 4426 870 4480 contiuuo
890 4425 1022 4492 arripiam
1047 4425 1173 4478 Weisius.
1202 4425 1246 4478 De

102 4508 262 4578 cutu)iciam
285 4509 320 4573 cs.
339 4510 376 4562 06
397 4509 483 4562 Mero.
507 4525 531 4562 o.
552 4511 606 4562 932
630 4509 710 4573 (0660
729 4506 931 4560 Fleckeisenum
958 4504 1061 4558 Annal.
1079 4506 1147 4572 plril.
1167 4505 1248 4557 LXI

99 4593 199 4658 026).
246 4587 276 4643 V.
302 4593 353 4641 770
382 4587 491 4655 magnis
519 4587 639 4640 obiciam
667 4587 765 4640 auibus
790 4585 986 4639 Fleckeiseuus.
1036 4584 1075 4649 Gt'.
1105 4584 1246 4638 Turnebus

103 4669 170 4722 Aeto.
192 4667 305 4721 XXVI
320 4672 346 4723 2.
382 4667 508 4719 XXIII
526 4673 551 4721 5.
596 4667 626 4719 V.
648 4672 696 4719 771
721 4665 855 4735 egomet]
883 4664 1029 4733 Scioppius
1048 4665 1128 4732 Susp.
1150 4666 1165 4718 l.
1187 4664 1245 4716 III

105 4754 120 4802 7
129 4767 158 4817 p.
170 4752 232 4803 135.
256 4747 286 4802 V.
299 4753 349 4801 772
365 4747 491 4817 deripere
502 4747 665 4802 Lambinus.
682 4777 715 4785 -
730 4743 848 4813 ingratis
864 4745 953 4798 Valla.
978 4744 1009 4798 V.
1022 4749 1071 4797 773
1088 4745 1145 4798 scin
1161 4742 1245 4809 quid?

104 4833 193 4883 tecum
212 4845 262 4884 oro
283 4827 464 4883 Camerarius.
