2932 5452
607 366 848 422 rananoama

247 544 282 610 D
303 544 515 611 Vaticanus
538 569 707 611 numerum
730 547 819 612 3870
841 568 967 633 gerens,
988 547 1111 614 sacculi
1129 546 1194 613 XV
1213 549 1306 614 initio

159 661 199 724 ad
231 660 406 726 Iordanum
433 661 588 727 Vrsinum
621 663 817 728 cardinalem
853 664 996 748 perlatus
1028 686 1047 727 c
1078 662 1258 731 Germania
1287 688 1306 729 a

158 774 293 842 Nicolao
317 776 470 861 Treuero,
497 778 639 843 eiusdem
666 782 699 844 ct
726 778 842 843 aetatis
865 782 897 842 et
919 778 1043 864 patriae
1066 782 1102 844 et
1123 778 1252 845 formae
1273 783 1307 845 et

159 893 310 957 materiae
337 897 371 958 et
398 894 574 980 scripturae
602 916 675 959 cum
702 893 740 978 0,
767 895 818 959 cui
846 894 978 978 omnino
1010 897 1080 959 tam
1107 898 1160 959 est
1191 895 1305 961 similis

159 1003 367 1093 (quamquam
400 1010 508 1094 paullo
535 1013 645 1074 tamen
677 1008 834 1075 minorem
861 1008 984 1105 librarii
1016 1008 1223 1095 diligentiam
1255 1033 1306 1077 ex·

158 1120 298 1210 pertus),
320 1128 357 1189 ut
379 1148 417 1189 ex
440 1125 552 1191 eodem
574 1128 745 1210 utrmque
768 1125 943 1210 archetypo
967 1102 1117 1190 manasse
1140 1130 1306 1211 apparant,

159 1238 214 1302 sed
256 1238 321 1303 XII
360 1240 479 1306 tabulis
515 1240 747 1326 posterioribus
783 1240 994 1325 praemittens
1030 1238 1305 1325 Amphitruonem

159 1353 342 1421 Asinariam
356 1355 557 1421 Aululariam
581 1360 614 1421 et
632 1353 841 1440 Captivorum
864 1355 1030 1420 dimidiam
1052 1358 1183 1440 partam
1204 1378 1304 1443 nsque

158 1469 197 1533 ad
221 1469 381 1555 111‚a,4.
404 1470 488 1536 Olim
512 1472 629 1557 partim
652 1495 671 1535 a
694 1493 745 1535 me
769 1470 887 1556 partim
910 1470 952 1536 ab
974 1470 1118 1536 Hernico
1142 1471 1251 1538 Kcilio
1271 1476 1303 1541 ,et

157 1585 298 1652 Hernico
330 1586 476 1652 Bruanio
509 1588 672 1652 conlatum
705 1608 791 1651 nunc
827 1586 1009 1671 potioribus
1042 1586 1240 1671 qmbusdam
1269 1588 1301 1652 in

158 1701 236 1766 locis
263 1725 335 1768 mea
362 1725 476 1769 caussa
503 1703 608 1768 denuo
635 1703 845 1787 inspexerunt
871 1700 1031 1767 Hinckius
1059 1705 1093 1766 et
1119 1700 1213 1786 prins
1239 1701 1299 1766 Au-

158 1820 272 1901 gustus
295 1816 488 1883 Wilnranns.

245 1923 371 1997 Horum
403 1934 501 1999 trium
533 1934 688 1999 librorum
720 1933 858 2018 primam
890 1938 923 1998 et
959 1933 1135 1998 secundam
1173 1955 1296 1998 manuni

157 2046 274 2111 additis
300 2069 322 2112 o
349 2049 421 2112 esa
448 2049 564 2113 lit-teris
592 2047 732 2113 distinxi.
754 2047 799 2114 Et
825 2049 860 2113 in
882 2048 911 2114 C
930 2048 1060 2133 quidem
1083 2071 1159 2114 curn
1183 2070 1295 2113 correc-

139 2161 261 2227 tiones
284 2185 395 2228 omnes
418 2188 485 2230 non
508 2166 574 2229 sint
596 2165 677 2229 aliae
700 2164 762 2228 nisi
786 2186 868 2249 quae
891 2164 1033 2228 eiusdem
1056 2164 1183 2229 librarii
1205 2184 1295 2229 manu

156 2277 241 2342 inter
267 2279 471 2345 scribendum
498 2281 625 2364 fierent,
651 2283 766 2345 contra
793 2279 927 2345 ‘Vetus’
952 2279 987 2344 B
1013 2276 1056 2363 (si
1084 2302 1105 2344 a
1133 2301 1234 2345 mann
1254 2300 1294 2343 re·

156 2394 349 2480 cautissima,
373 2394 547 2461 Camerarii
570 2399 659 2481 puto,
682 2395 865 2460 discesseris
888 2418 984 2479 quarn
1008 2395 1139 2460 silentio
1162 2398 1299 2481 practer-

156 2509 201 2573 ire
235 2508 337 2597 soleo)
372 2533 429 2595 per
460 2512 580 2596 primas
611 2510 738 2575 fabulas
767 2509 844 2594 XII,
875 2510 906 2574 h.
934 2532 960 2573 e.
992 2510 1034 2573 ab
1062 2509 1332 2595 Amphitruone»,

155 2648 256 2709 usquc
289 2626 329 2691 ad
361 2626 500 2691 mediam
532 2628 598 2690 t'crc
630 2624 767 2690 Militem
799 2616 941 2710 (praeter
973 2628 1096 2690 ceteras
1130 2628 1238 2690 autem
1267 2626 1344 2690 εί

155 2742 252 2825 longe
281 2742 408 2825 quidem
441 2742 650 2827 insigniorem
683 2740 717 2804 in
749 2741 880 2805 modam
912 2740 946 2803 in
973 2739 1034 2804 hae
1063 2740 1135 2825 ipsa
1168 2738 1344 2823 fubrrla[‘

156 2855 281 2939 antiqui
305 2858 493 2921 correctoris
516 2880 609 2921 curas
633 2880 746 2940 passus
770 2860 819 2919 est
848 2855 953 2919 dedita
978 2877 1077 2939 opera
1099 2877 1160 2919 nec
1184 2857 1344 2920 initur-:1

157 2976 247 3035 tuose
271 2972 305 3034 in
329 2996 366 3036 eo
391 2972 522 3056 negotio
546 2972 713 3037 versantis.
736 2971 815 3035 Inde
839 2970 1051 3035 altercatura
1070 2971 1111 3035 ad
1127 2970 1344 3036 Truculeru

156 3093 224 3150 turn
253 3086 326 3150 talis
355 3088 479 3151 consilii
508 3088 597 3151 nulla
619 3086 755 3171 vestigia
783 3090 949 3170 apparent.
972 3085 1171 3151 Vaticanum
1193 3090 1311 3151 ante11
1324 3112 1344 3149 ε

156 3200 203 3282 D,
230 3206 357 3285 practer
387 3203 505 3266 similes
533 3206 629 3286 atque
656 3202 690 3265 in
718 3202 745 3266 C
769 3224 886 3285 erisque
909 3201 994 3265 hand
1019 3202 1130 3285 paullo
1154 3204 1344 3286 frequens

157 3317 254 3381 tiores
291 3317 391 3400 ipsius
428 3318 549 3381 librarii
587 3318 819 3399 correctiones,
855 3317 953 3381 etiarn
989 3318 1150 3383 recentior
1186 3319 1344 3382 manin

156 3433 354 3496 emendatrix
391 3434 509 3497 sacculi
542 3432 603 3496 XV
638 3431 794 3516 (fortasse
830 3432 931 3516 ipsius
968 3431 1105 3518 Poggii)
1142 3433 1344 3498 tractasiv

156 3550 246 3615 errius
279 3549 456 3632 scripturae
488 3571 554 3612 non
583 3570 655 3612 raro
688 3548 722 3611 in
754 3552 877 3611 ceteros
909 3547 994 3611 illius
1027 3549 1145 3613 aetatis
1177 3548 1344 3614 codicoi

156 3665 256 3730 Italos
280 3665 487 3730 transierunt.

244 3780 393 3845 Ceterum
427 3780 465 3843 ad
500 3783 584 3844 recte
617 3778 848 3842 aestimandam
882 3778 976 3843 fidem
1009 3782 1043 3842 ct
1075 3780 1298 3845 anctoritate)
1312 3781 1344 3839 j

159 3895 363 3960 Anrlnosiani
382 3895 500 3959 codicis
519 3918 590 3959 curn
608 3894 826 3958 Palatinarum
846 3895 998 3958 memoria
1018 3896 1194 3980 comparati
1213 3916 1340 3978 qun

157 4012 281 4095 attinet,
305 4034 376 4075 curn
401 4012 464 4075 iam
493 4010 635 4094 priorum
664 4009 921 4093 Prolegorncnon
944 4011 1049 4094 capite
1073 4017 1163 4077 sexto
1187 4034 1292 4075 caus
1321 4029 1344 4041 “

156 4126 232 4188 «lam
256 4148 324 4187 csse
349 4127 558 4189 ostendissem
579 4148 618 4188 nc
637 4125 722 4189 illius
746 4126 924 4190 recensioni
943 4126 1078 4190 nimium
1098 4127 1246 4215 tribueret
1260 4124 1344 4185 Δ

157 4242 225 4302 tum
248 4237 469 4304 Palatinorrun
498 4242 531 4304 in
560 4241 669 4304 multis
694 4241 742 4304 vel
767 4241 862 4305 rcbas
886 4241 935 4306 vel
960 4241 1096 4327 singulis
1120 4242 1197 4306 locis
1220 4255 1344 4325 p-rr

158 4355 211 4417 illa
244 4356 474 4439 praestant-ianr
508 4360 540 4419 et
572 4356 647 4419 alibi
680 4378 738 4440 per
770 4356 874 4421 varias
907 4357 1091 4422 occasiones
1125 4355 1339 4422 identid-t‘a
