2934 5048
260 311 309 364 XX
728 308 936 365 PRAEFATIO

263 489 408 555 versibus
431 490 512 554 nihil
537 490 762 554 desideremus.
781 488 904 555 Verum
926 490 1011 554 alius
1033 494 1084 555 est
1105 490 1197 554 locus
1219 490 1313 574 isque
1335 488 1412 555 vici-

259 628 322 670 nus
344 606 405 690 illi,
429 607 482 688 qui
507 627 580 670 cum
604 605 684 670 alios
708 605 838 670 torserit
859 610 930 669 tum
953 604 1057 669 eidem
1079 604 1202 670 Meiere
1224 627 1257 689 p.
1275 604 1342 669 323
1364 625 1413 687 sq.

260 721 473 786 mutationem
501 721 647 804 extorsit,
676 741 773 804 quam
801 741 913 786 vereor
939 725 977 786 ut
1003 742 1090 786 nnnc
1118 721 1201 804 ipse,
1233 721 1262 785 si
1288 719 1414 785 viveret

261 837 310 902 vir
337 836 583 902 honestissimus
607 836 784 919 meritaque
807 836 903 901 nohis
925 835 1046 920 pietate
1068 835 1328 921 prosequendus,
1351 834 1413 899 tui·

260 925 352 1015 turus
380 955 473 1016 esset.
501 949 606 1014 Hient
633 950 778 1035 profecto
806 973 875 1017 non
898 951 1100 1016 mediocriter
1123 949 1265 1016 Calliciis
1288 953 1323 1014 et
1345 948 1413 1014 Me

261 1067 426 1150 garonidis
448 1067 483 1130 hi
507 1088 671 1130 sermones
694 1090 723 1130 v.
748 1068 810 1131 731
835 1089 916 1152 sqq.:

315 1180 373 1246 On.
396 1180 544 1264 Namque
567 1182 674 1246 hercle
698 1182 834 1246 honeste
857 1183 926 1246 fieri
948 1183 1050 1246 ferme
1073 1205 1141 1247 non
1164 1185 1288 1266 potest,

393 1296 440 1362 Vt
463 1318 534 1360 eam
558 1298 719 1382 perpetiar
742 1298 788 1361 ire
811 1298 846 1362 in
869 1298 1112 1362 matrimonium

311 1461 314 1467 ·
395 1411 471 1477 Sine
495 1413 579 1497 dote,
603 1435 699 1496 quom
724 1412 793 1477 eius
816 1435 884 1476 rem
907 1435 1007 1497 penes
1029 1435 1080 1477 me
1103 1412 1241 1478 habeam
1265 1413 1366 1478 domi.

306 1527 372 1592 Mc.
395 1527 514 1592 Parata
536 1527 595 1593 dos
619 1528 750 1593 domist:
773 1528 835 1592 nisi
860 1532 1044 1612 exspectare
1067 1529 1131 1613 uis,

397 1642 443 1708 Vt
466 1664 538 1707 eam
561 1644 631 1707 sine
655 1643 729 1707 dote
752 1643 854 1708 frater
875 1647 1014 1729 nuptum
1036 1645 1196 1710 conlocet:

393 1757 474 1823 Post
496 1757 592 1822 adeas
614 1762 684 1822 tute
706 1757 892 1824 Philtonem
915 1764 948 1825 et
970 1760 1080 1825 dotem
1102 1758 1178 1824 dare

395 1873 440 1937 Te
464 1874 493 1937 ei
516 1873 604 1937 dicas
626 1894 650 1936 c.
672 1895 700 1955 q.
723 1895 748 1937 s,

262 1987 411 2054 Sentisne
443 2010 541 2073 grave
577 1989 817 2055 incommodum
848 1989 989 2055 Bothius
1021 1990 1174 2055 Pcrando
1208 1991 1265 2055 dos
1300 1991 1413 2056 conae

261 2104 374 2169 edidit:
398 2104 484 2188 quod
499 2105 613 2168 saltem
631 2107 781 2186 parando
797 2107 852 2171 dos
873 2111 918 2171 est
938 2106 1109 2170 dicendum
1132 2109 1203 2170 eret
1225 2105 1298 2171 sine
1319 2107 1413 2189 domi,

261 2224 358 2305 atque
381 2221 460 2285 adeo
483 2220 602 2284 rectius
623 2221 691 2285 sinc
711 2242 800 2286 mora
817 2223 966 2304 parendo
987 2222 1041 2287 dos
1063 2226 1115 2304 eet,
1136 2224 1175 2286 ut
1191 2220 1330 2286 haberet
1346 2243 1410 2307 quo

261 2337 435 2401 referretur
457 2336 543 2420 quod
562 2336 770 2420 consequitur
787 2337 851 2402 nisi
873 2342 1043 2419 exspectare
1064 2338 1123 2401 030.
1146 2334 1410 2402 Consentaneum

261 2459 310 2517 est
337 2458 444 2517 etitem
472 2452 621 2517 morandi
647 2452 916 2536 exspectandique
944 2450 1115 2518 consilium
1142 2451 1205 2535 ipsi
1228 2450 1355 2518 Cellicli
1377 2453 1410 2517 in

263 2574 404 2633 mentem
428 2569 567 2651 venisse,
591 2590 692 2651 eoque
716 2567 959 2652 Megaronidem
982 2568 1139 2651 respicere
1163 2590 1191 2630 v.
1218 2569 1283 2632 744
1308 2591 1389 2653 sqq.:

396 2683 492 2747 Nunc
516 2685 541 2746 si
566 2684 706 2767 opperiri
730 2684 780 2747 uis
804 2683 980 2747 aduentum
1003 2682 1182 2767 Charmidi,

395 2799 635 2881 Perlongumst:
658 2799 734 2863 huic
758 2798 894 2863 ducendi
918 2800 1042 2864 intereo
1065 2800 1259 2884 apscesserit

393 2912 531 2977 Lubido:
555 2918 651 2996 atque
676 2937 713 2977 ea
737 2914 882 2979 condicio
906 2916 957 2978 uel
981 2912 1174 2998 primariast.

261 3026 360 3090 Nulla
388 3028 495 3090 littera
523 3031 648 3091 mutata
671 3053 752 3114 opus
775 3034 837 3113 est,
865 3031 892 3094 si
916 3032 1004 3095 velut
1025 3030 1108 3095 tales
1131 3053 1200 3094 sese
1225 3053 1337 3095 versus
1360 3053 1410 3095 ex-

263 3144 385 3226 cepisse
409 3143 573 3205 statueris:

395 3257 471 3322 Sine
495 3257 582 3341 dote,
606 3281 703 3342 quom
727 3261 795 3325 eius
819 3283 887 3326 rem
909 3283 1009 3346 penes
1033 3284 1083 3325 me
1106 3261 1245 3327 habeam
1270 3264 1368 3330 dorn'n

394 3374 455 3439 Sed
476 3375 557 3439 tiled
577 3395 647 3438 sum
669 3377 771 3439 anien-t
792 3378 938 3453 ‘incertas
960 3379 1094 3441 arrectae
1115 3378 1187 3441 33300

395 3490 513 3554 Pcrori
534 3490 591 3555 lius
613 3513 634 3553 c
656 3512 704 3554 erc
725 3494 852 3573 evertas
873 3514 1001 3574 ceptione
1023 3495 1091 3569 sict,

395 3608 448 3670 An
470 3608 715 3688 erspcctondme,
738 3609 812 3671 diem
835 3609 900 3672 cius
922 3609 980 3673 huc
1002 3609 1127 3672 redierit
1142 3614 1244 3691 pater:

306 3720 371 3785 Mn.
395 3723 491 3785 Morc-
513 3724 589 3803 quid
610 3743 686 3803 opus
707 3727 751 3786 cst
772 3724 905 3803 praesc?
927 3726 1050 3805 quando
1072 3725 1210 3805 corridere
1233 3725 1291 3788 teos

395 3837 512 3901 Parata
536 3837 593 3900 dos
617 3837 747 3901 domist:
770 3838 834 3901 nisi
857 3843 1041 3922 exspectare
1064 3840 1114 3903 uis
1138 3864 1194 3903 -:

261 3952 359 4034 plene
383 3975 455 4016 cum
479 3955 718 4019 constructione
742 3955 912 4018 sententia.
935 3954 1066 4019 Etenim
1089 3955 1152 4020 hoc
1175 3956 1278 4020 sentit
1300 3955 1408 4041 Megu-

262 4067 403 4130 renides:
432 4067 486 4130 ‘de
511 4069 686 4133 differendo
716 4067 761 4154 (h.
785 4091 811 4134 e.
834 4070 873 4133 de
896 4070 1079 4135 differendis
1103 4069 1243 4156 nuptiis)
1267 4071 1336 4135 noli
1359 4092 1408 4135 co·

262 4179 380 4259 gitare'
406 4179 567 4264 (caussam
591 4185 815 4268 gravissimam
838 4186 873 4248 in
896 4186 960 4249 fine
984 4186 1140 4250 orationis
1164 4184 1312 4273 subicit):
1337 4187 1408 4250 ‘nisi

262 4295 346 4377 (prod
376 4297 447 4358 licet
477 4322 553 4362 seru·
578 4300 661 4362 dotis
686 4300 848 4363 dationem
873 4303 1035 4385 paulisper
1058 4302 1200 4386 diflerre,
1228 4303 1256 4366 si
1279 4302 1407 4366 33133313-
