2932 5452
157 309 236 365 XXII
621 309 830 365 PRAEFATIO

245 472 391 558 Denique
420 474 577 539 calculum
606 474 697 539 addit
725 478 888 540 extremus
916 473 1045 540 fabulae
1074 496 1186 540 versus
1218 476 1303 541 1423

158 581 270 646 eodem
298 582 369 647 loco
398 581 580 665 dehiscens,
609 604 671 665 quo
701 604 728 646 v.
754 581 840 646 1404
867 603 919 665 epo
945 585 1020 665 post
1047 582 1118 648 nolo
1145 583 1304 648 omissum

158 709 227 752 esse
260 711 298 753 ex
329 688 437 754 Nonio
471 689 678 773 percipimus:
712 687 797 753 undo
830 689 886 754 illo
920 688 993 755 loco
1025 688 1134 753 missis
1167 689 1304 754 eliorum

155 796 381 861 conaminibus
409 817 489 859 sana
517 795 736 860 affectantium
765 796 981 879 corruptelam
1010 817 1049 861 ex
1076 795 1184 861 medio
1207 818 1304 860 versu

157 902 360 985 sustulimus,
393 901 448 967 ubi
475 904 534 984 fiat
561 924 632 968 cum
663 906 765 967 metro
794 922 943 986 pugnans
971 902 1067 967 facile
1094 924 1134 966 ex
1162 925 1192 967 v.
1217 903 1303 967 1417

155 1009 258 1093 repeti
282 1012 425 1093 poterat,
453 1008 492 1072 de
515 1031 543 1072 v.
568 1013 677 1073 autem
704 1010 790 1074 1404
813 1009 1040 1074 observatione
1063 1012 1179 1075 nostra
1200 1010 1304 1075 solve-

155 1138 227 1179 rnus
259 1114 438 1179 Hermanni
466 1112 616 1179 Caesaris
645 1115 893 1198 dubitationem,
925 1115 981 1199 qui
1007 1136 1187 1201 pronomen
1219 1117 1304 1200 apud

160 1220 302 1288 Nonium
326 1220 485 1305 additum,
508 1243 572 1285 non
598 1221 632 1285 in
650 1221 742 1286 libris
761 1222 917 1286 omissum
937 1243 1007 1287 esse
1025 1244 1121 1307 posse
1139 1223 1305 1288 innuebat

245 1327 334 1394 Haec
362 1328 472 1394 omnia
499 1349 693 1412 quamquam
721 1329 831 1394 nescio
858 1350 901 1393 an
931 1327 1084 1414 ‘quidam'
1112 1351 1171 1414 pro
1196 1327 1304 1414 ‘nugis

159 1434 295 1521 argutis'
319 1435 488 1500 habiturus
518 1435 574 1516 sit,
602 1433 731 1518 ‘quibus
755 1457 819 1501 non
843 1434 1042 1518 delectetur',
1067 1471 1104 1483 —
1132 1436 1196 1500 nisi
1220 1437 1304 1501 litte

157 1543 202 1607 ris
236 1542 366 1607 traditis
396 1541 561 1608 servandis
589 1542 780 1624 inserviant,
815 1543 869 1606 ubi
897 1544 948 1607 vel
976 1541 1149 1608 destitutas
1177 1544 1306 1630 argutia

160 1671 264 1735 nugas
283 1651 318 1713 iu
338 1649 461 1713 deliciis
480 1648 592 1734 habet,
611 1685 649 1695 -
669 1653 779 1713 tumen
798 1649 918 1733 liquido
936 1650 1131 1715 confirmant
1145 1648 1304 1715 ltudentis

160 1757 350 1822 memoriam
374 1755 477 1820 redire
502 1755 542 1820 ad
566 1755 792 1839 archetypum,
815 1757 870 1840 qui
894 1756 1011 1841 viginti
1035 1778 1145 1821 versus
1169 1757 1203 1820 in
1228 1780 1304 1822 una·

161 1885 288 1949 quaque
307 1863 428 1948 pagina
447 1861 598 1926 habuerit
617 1860 668 1950 (ut
685 1862 885 1947 undeviginti
899 1859 946 1948 A)
966 1863 1082 1947 quique
1102 1863 1231 1946 saepius
1249 1869 1304 1928 aut

161 1971 343 2055 perforatus
367 1969 480 2034 autin
504 1968 705 2054 marginibus
729 1969 835 2034 laesus
860 1969 966 2034 fuerit.

248 2076 319 2152 Qua
341 2077 376 2141 111
399 2097 434 2140 re
457 2076 537 2140 illud
561 2076 700 2140 maxime
720 2075 931 2141 memorabile
954 2080 1019 2159 est,
1042 2077 1128 2160 quod
1148 2099 1213 2142 uno
1233 2079 1303 2142 loco

159 2181 426 2267 deprehendimus
450 2181 607 2246 eiusmodi
632 2182 738 2247 labem
761 2182 883 2266 pariter
902 2183 941 2247 ad
960 2182 993 2247 A
1011 2205 1107 2266 quam
1128 2183 1168 2248 ad
1187 2183 1221 2248 P
1235 2206 1302 2267 per-

157 2291 269 2355 tinere.
314 2288 426 2374 Neque
454 2293 565 2354 tamen
587 2289 661 2353 inde
685 2289 829 2373 sequitur
852 2289 890 2354 de
914 2290 1065 2355 omnibus
1090 2290 1156 2356 illis
1179 2290 1303 2354 lacunis

158 2397 243 2462 idem
272 2397 478 2462 statuendum
506 2417 583 2460 esse.
635 2395 720 2460 Nem
749 2396 786 2460 de
815 2398 976 2461 communi
1006 2397 1173 2482 utriusque
1197 2418 1303 2462 recen·

158 2504 257 2569 sionis
286 2503 462 2588 archetypo
492 2525 565 2569 cum
595 2502 693 2568 etiam
723 2502 852 2568 aliunde
880 2507 1021 2587 constet,
1053 2502 1162 2587 potuit
1193 2506 1302 2568 tamen

158 2611 356 2676 recensionis
385 2610 621 2675 Ambrosianae
652 2610 816 2693 exemplar
844 2632 882 2675 ex
914 2610 970 2675 illo
998 2610 1204 2693 transscribi,
1232 2633 1304 2675 cum

159 2718 267 2781 minus
291 2719 355 2781 late
379 2717 469 2781 labes
495 2717 665 2799 serpserit,
690 2738 787 2800 quam
810 2717 954 2781 recensio
979 2717 1129 2782 Palatina
1152 2716 1208 2780 ubi
1233 2717 1305 2781 iude

162 2824 336 2888 duceretur.
375 2823 499 2888 Revera
523 2825 630 2886 autern
655 2823 780 2887 videtur
798 2824 830 2887 A
854 2824 942 2887 velut·
961 2846 989 2888 v.
1011 2824 1074 2888 702
1093 2822 1304 2907 integriorem

110 2975 114 2983 -
160 2951 315 2994 servasse.
368 2929 439 3006 Quo
469 2929 592 2994 accedit
614 2929 700 3014 quod
730 2930 834 2994 tribus
857 2930 935 2994 locis
960 2926 1004 3016 (v.
1028 2931 1101 2996 613.
1125 2931 1199 2995 671.
1226 2932 1304 3014 724)

162 3036 370 3100 membranae
398 3036 537 3101 Turnebi
571 3035 625 3122 (cf.
657 3036 756 3120 praef.
786 3037 880 3102 Poen.
914 3059 944 3119 p.
972 3033 1091 3122 Xlsq.)
1125 3037 1305 3120 pleniorem

160 3142 353 3228 scripturam
378 3143 538 3208 exhibent

252 3249 321 3314 lam
345 3250 469 3316 duobus
494 3272 531 3314 ex
554 3250 606 3314 his
630 3251 708 3316 locis
734 3252 764 3314 Τ
783 3251 902 3315 codicis
927 3250 1152 3335 supplementa
1176 3275 1214 3315 ex
1239 3254 1305 3317 suis

163 3356 267 3421 ‘libris
296 3356 469 3421 veteribus'
493 3356 668 3422 Lambinus
697 3354 871 3441 profert*),
904 3358 965 3420 nisi
995 3358 1080 3441 quod
1107 3381 1137 3423 v.
1167 3360 1232 3423 724
1260 3362 1307 3424 ito

160 3464 249 3529 addit
264 3463 481 3552 (nequaquam
497 3464 626 3542 melius,
642 3487 835 3548 quamquam
851 3464 1054 3527 retinuerunt
1067 3462 1306 3548 Fleckeisenus,

158 3571 298 3654 Brixius,
317 3570 500 3656 Vssingius,
518 3566 603 3655 alii):
624 3593 662 3635 ex
681 3571 797 3655 quibus
813 3570 1053 3636 memorabilius
1066 3575 1118 3635 est
1136 3571 1174 3635 dc
1193 3595 1224 3637 v.
1240 3575 1304 3638 613

159 3680 397 3761 testimonium,
416 3700 487 3742 curn
509 3700 605 3762 quam
625 3677 750 3761 profert
769 3678 962 3761 scripturam
981 3700 1047 3742 non
1065 3679 1161 3761 plane'
1180 3681 1307 3763 probet,

163 3785 217 3850 sed
240 3787 340 3851 amini
362 3807 377 3850 e
399 3806 464 3850 meo
488 3790 539 3849 sat
561 3784 643 3848 miro
667 3783 784 3848 iudicio
804 3784 964 3849 desideret
981 3808 1040 3870 pro
1059 3806 1143 3850 nwcc
1161 3787 1305 3852 reiciam.

161 3892 231 3966 Quo
254 3893 302 3955 uti
326 3892 523 3956 Ritschclins
546 3896 689 3976 poterat,
713 3913 785 3956 cum
809 3891 885 3956 olim
910 3891 1040 3977 (Opusc.
1059 3891 1092 3956 ll
1115 3915 1145 3976 p.
1167 3894 1229 3959 121
1244 3892 1305 3979 sq.)

160 3996 199 4059 dc
223 3997 285 4060 fide
308 3998 459 4061 Lambini
483 3998 587 4061 lenius
612 4020 706 4082 quam
731 4002 763 4061 et
787 3998 842 4062 alii
872 3998 1016 4082 plerique
1040 4003 1073 4063 et
1095 3999 1166 4082 ipse
1190 4004 1306 4083 postea

160 4102 324 4180 iudicaret.
370 4103 461 4178 Quod
486 4104 637 4168 iudicium
661 4105 687 4168 si
713 4105 830 4168 iterum
854 4106 1090 4190 perpendimus,
1113 4106 1195 4170 nihil
1221 4107 1307 4172 effici

160 4212 269 4292 potest
291 4210 324 4270 in
349 4210 483 4273 alteram
508 4214 613 4274 utram
637 4215 762 4294 partem
785 4235 823 4275 ex
851 4212 1012 4296 plerisque
1036 4214 1221 4297 seripturis,
1250 4216 1305 4278 ubi

230 4438 254 4506 ³)
275 4437 375 4492 Levius
394 4438 436 4492 ost
455 4438 530 4507 quod
549 4439 634 4493 etiam
654 4457 678 4492 v.
702 4447 750 4493 12⁵2
770 4442 932 4511 (exicasque)
953 4458 1016 4495 cum
1038 4440 1219 4512 Tcongruit.
