2932 5452
156 359 217 405 ffl
625 334 830 390 Pnlsrsno

157 500 299 563 Fabulae
336 502 402 562 non
439 500 633 562 retractatae
666 502 772 561 utrum
805 496 890 560 idem
925 495 1022 561 fuerit
1051 517 1173 561 nomen
1207 518 1313 561 necne

157 607 306 671 nescitur.
331 641 367 650 -
390 603 500 668 Etiam
516 603 774 689 Panegyridis
792 625 909 667 nomen
925 603 1058 686 servavi,
1077 601 1163 687 quod
1180 624 1313 687 semper

158 712 311 776 exhibent
335 712 407 775 libri
432 716 464 775 et
486 713 520 775 in
539 713 690 776 contextu
709 710 792 774 etin
812 709 909 774 titulo
928 713 1055 797 praeter
1074 710 1229 792 primum,
1254 709 1312 772 ubi

158 818 392 883 Ambrosianus
410 819 544 881 nomina
558 818 768 881 anvuuul
787 820 820 879 et
834 815 1015 881 Planum
1034 816 1179 901 praebet
1208 814 1313 880 Nam·
1377 894 1384 919 ⁴

158 947 219 1009 que
248 947 436 1009 persuasum
464 926 584 1009 habeo,
610 914 677 987 tale
700 922 800 986 fuisse
814 944 945 996 ‚nomen
970 923 1115 986 mulieris
1138 923 1174 986 in
1197 923 1313 987 fabula

158 1033 342 1094 retractata.
386 1030 424 1093 In
443 1032 584 1115 genuina
603 1030 715 1094 fabula
732 1033 840 1093 utrum
861 1030 1022 1094 exstiterit
1036 1051 1156 1093 nomen
1176 1028 1312 1094 Philu-

160 1159 269 1200 mena
292 1159 334 1200 an
358 1137 453 1200 aliter
476 1138 520 1201 sit
543 1136 733 1222 explicanda
756 1136 925 1219 inscriptio
944 1134 1156 1201 Ambrosiani
1181 1135 1313 1200 dubito:

159 1243 198 1306 cf.
231 1264 312 1327 quae
340 1244 471 1326 exposui
502 1246 573 1309 Act.
602 1265 666 1308 soc.
693 1242 771 1328 phil.
801 1242 887 1326 Lips.
919 1243 981 1307 vol.
1015 1241 1059 1307 VI
1083 1264 1114 1326 p.
1137 1242 1205 1306 273
1235 1245 1313 1326 post

158 1347 334 1433 Bergkium
358 1350 376 1412 l.
397 1371 422 1412 s.
441 1371 466 1413 a.
489 1348 749 1434 Geppertumque
772 1347 880 1415 Plaut.
904 1349 993 1415 Stud.
1017 1348 1071 1414 vol
1093 1351 1109 1413 1
1135 1370 1168 1432 p.
1189 1350 1254 1412 107
1280 1352 1314 1411 et

158 1477 240 1540 quae
273 1460 349 1539 post
376 1477 436 1521 nos
465 1458 614 1539 exposuit
642 1455 833 1542 Spengelius
862 1456 882 1519 l.
906 1478 931 1520 s.
955 1478 979 1520 s.
1009 1493 1051 1502 -
1081 1454 1313 1540 Pamphilae

161 1584 278 1626 nomen
307 1562 438 1646 retinui,
466 1584 505 1626 ne
536 1564 668 1627 nomine
697 1568 805 1628 careat
833 1584 925 1628 soror
948 1563 1068 1641 minor,
1096 1563 1251 1647 quamvis
1274 1586 1314 1626 ex

159 1669 228 1732 solo
247 1668 306 1732 illo
325 1670 396 1733 loco
416 1668 624 1733 Ambrosiani
644 1670 793 1754 podierit:
817 1670 913 1734 nihili
932 1692 1001 1735 esse
1022 1673 1079 1733 aut
1101 1668 1314 1734 Dinacium

158 1796 276 1838 nomen
301 1775 391 1858 pueri
411 1778 467 1838 aut
490 1774 690 1840 Pinacium
715 1799 834 1842 nomen
854 1777 998 1842 mulieris
1013 1800 1072 1862 pro
1088 1780 1177 1840 certo
1192 1777 1314 1841 habeo,

159 1880 364 1945 Retractatae
383 1879 513 1944 fabulae
531 1903 650 1947 nomen
673 1884 848 1949 nescimus:
872 1885 958 1969 quod
978 1888 1086 1948 utrum
1105 1882 1315 1967 Pamphila

159 1987 256 2050 fuerit
270 1989 353 2052 sicut
366 1988 400 2050 in
418 1988 556 2071 genuina
571 2011 612 2053 an
632 1990 837 2074 Pamphila
854 1991 953 2055 fuerit
968 1991 1002 2054 in
1022 1989 1167 2075 genuina
1181 1994 1312 2054 tantum

161 2093 310 2178 aliudque
333 2095 366 2156 in
390 2098 563 2159 retractata
587 2097 784 2180 ignoramus.
812 2133 849 2143 -
876 2097 926 2161 De
945 2096 1156 2180 Epignomi
1179 2097 1315 2161 nomine

161 2200 276 2264 merito
300 2201 527 2266 dubitaverunt
555 2201 744 2287 Berglrius
775 2205 795 2268 l.
820 2228 843 2269 s.
870 2226 893 2268 a.
917 2225 948 2286 p.
972 2203 1038 2266 346
1062 2198 1132 2287 (ubi
1156 2202 1196 2267 de
1220 2203 1314 2288 Epi-

161 2326 294 2371 nomus
319 2308 454 2391 cogitat)
482 2313 515 2373 et
543 2314 619 2393 post
646 2308 823 2395 Berglrium
846 2309 1073 2374 Fleckeisenus
1097 2309 1132 2372 in
1160 2309 1315 2392 editione,

161 2413 304 2478 extitisse
342 2415 419 2478 olim
453 2415 731 2501 Epistrophus,
768 2417 1030 2500 Abroniehus,
1067 2414 1314 2495 Aristratus,

162 2519 364 2586 Onesimus
388 2522 438 2585 vel
472 2523 559 2587 aliud
588 2524 692 2587 simile
716 2545 833 2588 nomen
858 2523 1049 2608 suspicatus.
1100 2522 1313 2587 Fleckeiseno

162 2629 337 2692 assentitur
361 2629 527 2715 Koenig,
551 2631 593 2694 de·
612 2652 699 2694 nom.
719 2652 826 2713 propr.
846 2652 927 2714 quae
952 2634 1028 2695 sunt
1052 2629 1137 2714 apud
1157 2630 1312 2695 Plautum
1369 2648 1373 2656 ·

163 2737 196 2796 et
218 2733 402 2799 Terentium
423 2760 452 2820 p.
475 2739 524 2802 17.
565 2737 760 2820 Epiphanius
783 2738 809 2801 si
835 2738 972 2821 metiris,
996 2736 1181 2801 claudicant
1200 2761 1229 2801 v.
1248 2738 1312 2801 238

164 2843 195 2904 et
209 2842 287 2924 465,
307 2843 333 2905 si
348 2843 542 2926 Erdpnouurs
557 2867 629 2908 cum
644 2843 801 2908 Muellero
817 2843 906 2908 Pros.
923 2845 968 2908 Pl.
983 2867 1013 2927 p.
1028 2845 1107 2927 330,
1123 2847 1314 2908 evertuntur

165 2949 433 3014 1282111371.
479 2950 525 3016 Of.
554 2973 636 3034 quae
665 2951 702 3014 de
731 2951 791 3014 hoc
821 2950 950 3014 nomine
979 2949 1107 3013 monuit
1130 2948 1312 3012 Ititsche·

164 3052 238 3115 lius
263 3054 377 3137 Opusc.
402 3058 462 3120 vol.
483 3057 532 3121 Ill
556 3081 585 3141 p.
606 3057 679 3120 311.
710 3093 742 3100 —
771 3054 870 3119 Servo
895 3056 989 3119 alteri
1014 3055 1231 3139 Sagarinus
1256 3078 1312 3119 no-

164 3182 237 3223 men
262 3166 318 3244 est,
343 3167 378 3226 ut
401 3165 504 3227 voluit
524 3163 720 3227 Ititschelius
740 3163 818 3226 duce
839 3163 1013 3227 Salmasio:
1038 3163 1128 3226 cuius
1152 3164 1312 3226 rationem

163 3290 265 3351 neque
294 3269 434 3354 Bergkio
468 3270 504 3356 (l.
530 3293 553 3333 s.
582 3294 605 3333 s.
637 3293 666 3352 p.
686 3268 764 3350 337)
798 3267 987 3351 Sangario
1019 3269 1175 3333 scribenti
1209 3292 1313 3354 neque

164 3375 322 3460 h'oenigio
352 3375 428 3458 (ls.
450 3401 521 3461 sp.
542 3376 599 3462 29)
637 3376 873 3459 Sangarinus
901 3375 1083 3439 defendenti
1119 3376 1313 3460 redarguere

164 3484 309 3567 contigit.
355 3483 403 3547 lle
427 3485 558 3568 reliquis
582 3483 767 3547 nominibus
792 3480 875 3564 quod
901 3482 1015 3545 addam
1040 3504 1106 3545 non
1130 3482 1247 3548 habeo.

257 3588 317 3652 Sed
342 3589 421 3654 haec
444 3591 608 3654 hactenus
656 3588 768 3652 Restat
791 3592 828 3650 ut
851 3589 1135 3653 adnotatiunculas
1156 3591 1312 3672 quasdam

167 3696 281 3760 addam
316 3696 508 3761 Schoellii
542 3699 604 3761 mei
639 3697 722 3759 inter
756 3695 981 3778 corrigendum
1014 3700 1118 3759 natas.
1175 3695 1215 3759 V.
1241 3699 1313 3761 217.

166 3824 260 3883 pirum
283 3804 350 3879 cdo,
373 3805 507 3883 picando:
540 3804 613 3866 230.
642 3802 914 3883 Vcrziloqoilulios:
948 3802 1022 3865 255,
1046 3803 1149 3866 11111110
1173 3805 1240 3867 11011
1262 3805 1314 3867 obs

167 3915 252 3974 11111.
276 3910 362 3973 uobis
385 3912 483 3975 dorca:
511 3909 550 3973 V.
571 3912 646 3973 37111
675 3910 728 3973 Eu
751 3914 806 3990 ost,
829 3909 896 3989 qui:
927 3910 1132 3973 1111101387
1155 3911 1314 3994 quaedam

168 4015 277 4079 deesse
297 4016 456 4079 videntur:
480 4040 508 4080 v.
530 4016 602 4081 541.
620 4038 678 4096 qno
697 4036 848 4079 0110010113
865 4016 906 4077 sil
921 4006 1051 4095 [sciscah
1076 4039 1103 4079 v.
1119 4016 1193 4080 6110.
1211 4021 1315 4101 Χαῖρε

168 4124 300 4185 oculis

258 4247 352 4309 lenae
377 4271 416 4311 m.
441 4249 571 4313 Octobri
596 4272 622 4311 a.
650 4250 741 4313 1883.
