2932 5452
98 706 137 760 1v
151 713 176 774 e,
196 714 284 762 9-15
536 707 799 763 ruvcvmumvs

629 890 645 923 B
660 889 716 923 mul

99 956 159 1023 Vis
183 959 306 1043 subigit
329 965 441 1024 uerrim
465 960 573 1040 fateri,
597 871 737 1025 iiaclcrls
759 961 889 1025 laedunt
912 962 1071 1026 bricchia.

112 1134 117 1145 ·
600 1100 745 1155 Cacucuus

98 1173 144 1254 it
167 1191 195 1255 si
219 1212 328 1256 uerum
352 1193 396 1256 mi
421 1193 509 1257 eritis
534 1193 654 1276 fassae,
678 1191 795 1257 uinclis
819 1194 1038 1259 exsoluemini.
1215 1218 1240 1256 ιο

111 1402 121 1419 Ι
587 1333 751 1387 Dmraucurs

97 1422 208 1486 Etiam
232 1445 310 1487 num
334 1424 410 1507 quid
435 1422 478 1488 sit
501 1426 614 1509 negoti
637 1424 738 1488 feilsus
763 1424 967 1508 incertusque
990 1449 1074 1509 sum,
1189 1443 1239 1490 785

96 1526 171 1593 Nisi
195 1531 269 1614 quia
292 1530 391 1595 timeo
415 1536 524 1595 tamen
549 1535 645 1614 certo,
670 1533 709 1595 ne
734 1531 819 1615 quod
843 1529 977 1615 peccaui
998 1533 1086 1596 sciat.

599 1669 743 1723 Cumocros

97 1745 251 1826 Omnium
271 1763 410 1845 primum
434 1763 582 1827 diuersae
607 1763 704 1826 stite:
728 1784 777 1824 em
803 1763 861 1846 sic,
885 1763 968 1828 istrie
991 1765 1079 1830 uolo:

97 1867 155 1962 elil
179 1870 263 1932 inter
287 1891 344 1932 uos
369 1868 570 1952 significetis:
599 1869 659 1951 e‘go
684 1892 738 1932 ero
762 1870 876 1952 paries.
910 1870 1039 1954 liquere
1063 1876 1106 1936 tu.

612 2008 730 2059 Aucmrm

101 2097 186 2174 Quid
211 2098 345 2180 loquar?

595 2218 740 2271 (licaiacus

313 2311 395 2386 Quid
419 2314 518 2393 peiere
542 2309 709 2392 factumst,
733 2310 804 2372 mea
828 2331 921 2393 quem
945 2312 1070 2394 peperit
1093 2310 1174 2395 filiu,
1217 2335 1241 2373 ra

97 2563 158 2610 783.
179 2556 222 2608 ius
241 2556 271 2609 D
361 2555 473 2623 subegit
492 2555 563 2608 libri.
584 2571 651 2608 corr.
671 2555 789 2608 Ballrius
885 2555 983 2610 ludunt
1001 2558 1066 2611 libri
1165 2559 1242 2612 brac-

99 2636 165 2690 chia
184 2636 218 2689 B.
248 2635 366 2689 Brachia
382 2634 440 2688 CI)
586 2641 644 2689 784.
672 2636 691 2687 Β
719 2635 762 2687 Ad
787 2635 822 2687 B.
855 2635 890 2687 ad
918 2654 977 2688 eum
999 2654 1071 2704 pers.
1091 2643 1161 2705 spat.
1187 2638 1243 2691 CD

98 2714 269 2782 (adsiuerum
291 2715 325 2782 C)
397 2714 466 2767 mihi
490 2715 556 2768 libri
626 2715 699 2766 fasse
723 2714 789 2768 libri
859 2713 960 2768 uinclis
979 2718 1120 2785 Arryeliue.
1153 2717 1242 2770 uineis

101 2795 225 2848 BCDZ.
265 2795 353 2853 iuncis
373 2793 406 2846 L.
437 2793 545 2846 uinctus
565 2794 720 2847 Soraceuus
792 2794 975 2848 exsoluemini
1001 2795 1175 2849 Camerarius
1194 2798 1240 2863 (si-

99 2876 158 2928 mul
176 2875 294 2928 aracilloe
307 2891 453 2941 personam
474 2879 536 2926 oute
555 2873 654 2927 uinclis
680 2874 787 2940 deleas).
822 2873 933 2926 cxsoluc
957 2876 1066 2941 (exolue
1086 2875 1152 2942 LZ)
1172 2873 1241 2927 mihi

99 2957 166 3009 libri
245 2960 303 3008 785.
324 2953 343 3007 ὰ
362 2954 427 3007 Elia
445 2954 472 3006 B
491 2955 566 3019 (olim
585 2953 654 3006 mihi
678 2994 750 3007 ....
770 2955 864 3006 tumen
885 2952 995 3007 Callicli
1015 2955 1179 3020 tribuebant)

23 3096 24 3099 Ἴ
95 3052 169 3088 nunc
196 3038 272 3100 (num
297 3034 434 3102 Ruricius)
464 3033 531 3101 quid
559 3032 739 3086 Camerarius.
767 3033 862 3100 miqui
880 3033 915 3087 B.
950 3035 1071 3101 numqui
1097 3033 1125 3088 C.
1155 3052 1242 3105 numo

97 3114 135 3169 1),
163 3130 304 3180 nunquam
324 3112 389 3166 Lo.
418 3112 543 3180 nunquid
563 3114 718 3166 Saracenas
798 3111 905 3180 negotii
926 3111 1022 3165 BCD.
1055 3113 1165 3182 negocii
1184 3112 1244 3166 LZ

151 3194 238 3246 falsus
257 3193 434 3260 incertusque
455 3211 513 3246 sum
535 3193 674 3262 Auoeliua.
705 3193 771 3246 fassi
791 3193 883 3260 (iussis
904 3193 940 3259 Z)
959 3191 1094 3247 sincerius
1118 3192 1171 3261 (sin
1186 3210 1242 3247 cer·

96 3276 142 3326 tus
163 3272 224 3325 CL.
253 3271 373 3325 incertus
395 3273 431 3338 Ζ)
450 3289 503 3340 que
523 3290 583 3324 eum
608 3276 733 3341 (querum
754 3272 793 3338 D)
813 3274 878 3326 lilrri
952 3279 1009 3328 rso.
1031 3277 1106 3328 certo
1130 3276 1181 3343 (rel
1200 3293 1241 3330 ue·

98 3355 207 3418 necem)
226 3369 260 3404 ne
280 3349 326 3405 S.-
358 3353 391 3416 es.
415 3352 496 3404 Paeo,
518 3353 585 3417 III,
601 3359 626 3417 5,
641 3359 685 3407 42.
720 3370 771 3421 ego
796 3370 847 3406 nec
866 3355 926 3420 <net
944 3354 981 3420 Β)
1002 3355 1074 3407 libri.
1109 3371 1241 3424 egenum

96 3432 245 3501 ›ieytierlus
265 3433 296 3484 iu
315 3431 414 3484 Plrilol.
435 3436 451 3482 l.
473 3430 564 3483 XXV
583 3435 620 3495 (a.
641 3438 726 3490 1867)
742 3451 771 3501 p.
791 3436 860 3499 469,
880 3436 928 3487 ubi
942 3436 1051 3503 primus
1070 3440 1138 3488 recle
1157 3434 1241 3486 Diui-

96 3514 180 3566 urelro
205 3513 270 3564 lroec
296 3512 482 3575 eorrtiuuauil,
514 3529 573 3564 cum
593 3514 673 3581 orrloa
698 3530 749 3566 nec
872 3513 930 3568 scic
956 3516 1074 3568 ancillae
1099 3516 1240 3567 desiissent.

95 3592 240 3661 negotium
261 3594 289 3642 et
308 3589 475 3657 Spenaelius.
520 3593 631 3657 egomet
655 3610 688 3645 ue
709 3594 893 3660 Kr'essliooius
912 3611 979 3647 cens.
1000 3613 1030 3661 p.
1046 3599 1099 3647 639
1119 3603 1163 3657 (nc
1178 3594 1239 3660 pri·

96 3689 157 3726 orus
182 3671 301 3723 Brieiue
327 3671 403 3737 epist.
429 3687 455 3736 p.
484 3674 535 3733 11).
570 3685 622 3738 ego
642 3674 671 3724 et
689 3671 812 3724 Koehius
837 3673 868 3723 iu
895 3672 1022 3725 ‘Emerui⁴
1053 3670 1161 3722 Plaul.'
1189 3670 1241 3733 (ed.

90 3744 198 3804 Numi.
210 3769 234 3804 a.
250 3754 336 3805 1872)
349 3766 375 3817 p.
388 3750 419 3802 X
426 3749 490 3801 VII
492 3750 511 3800 1
529 3749 636 3817 aliquid
653 3755 714 3817 post
734 3749 800 3816 quia
814 3751 876 3802 add.
938 3750 1005 3816 quid
1031 3748 1145 3818 peccaui
1169 3750 1243 3814 libri,

96 3832 147 3884 ribi
156 3836 204 3884 aul
215 3828 289 3897 quod
300 3834 349 3881 aul
360 3827 496 3896 peccarim
508 3830 697 3895 eorrioerrdum
713 3829 896 3905 esseBrieius
905 3830 975 3882 uidit
986 3831 1029 3896 (ef.
1042 3830 1242 3883 rura-mamas

97 3913 129 3964 in
149 3908 280 3962 Flammis.
300 3925 365 3961 criu.
386 3913 401 3959 t.
417 3906 468 3959 CV
486 3908 528 3976 [a.
548 3908 642 3976 1⁸72]
658 3925 687 3974 p.
708 3912 763 3960 815
783 3909 846 3960 adu.
867 3913 890 3959 cl
909 3908 1045 3960 Beckerus
1071 3910 1101 3960 iu
1121 3908 1240 3963 Siudem.

98 3991 177 4043 Stoi.
189 4006 212 4042 c.
226 3990 244 4040 Ι
259 3993 358 4056 12:²62
378 3989 410 4041 dc
425 3990 535 4053 egonret
551 4003 634 4054 quom
650 3990 782 4056 eooitoras)
842 3985 913 4041 sciat
930 3988 1050 4040 Briuius
1069 4004 1129 4040 eum
1148 3987 1240 4041 Kiess-

97 4071 191 4139 liooio.
212 4069 269 4121 scio
285 4069 350 4120 libri
406 4068 501 4120 787.Β
526 4066 656 4120 Omnium
674 4069 709 4121 B.
731 4069 852 4122 omnium
873 4086 933 4121 eum
951 4068 1090 4136 spureo
1150 4069 1239 4122 diuer-

97 4166 145 4203 sae
161 4149 233 4202 stete
248 4151 296 4201 'em
309 4147 489 4200 Camerarius.
510 4140 620 4201 diuer'sa
632 4148 725 4218 (diffisa
739 4148 823 4216 C)cst
842 4147 867 4213 li·
880 4147 945 4214 CD)
962 4149 1005 4201 ete
1019 4165 1062 4202 em
1078 4148 1139 4217 (Ele
1155 4167 1197 4203 em
1210 4148 1239 4203 C.

96 4229 194 4283 Etecm
211 4228 245 4280 Ι).
267 4227 370 4281 etenim
383 4227 414 4279 Z.
436 4227 498 4279 hem
510 4227 547 4295 1,)
558 4228 623 4282 libri
686 4229 761 4281 istud
781 4228 848 4281 DZ.
868 4226 937 4281 istac
956 4228 1074 4281 Bollrius
1128 4228 1240 4283 Rectius

97 4328 142 4364 cm
162 4308 201 4362 sic
221 4325 280 4361 eum
300 4308 392 4360 celeris
411 4305 574 4361 Rrooeerius
595 4307 637 4361 ‘ele
654 4309 739 4375 part!
761 4326 790 4376 p.
811 4312 844 4361 31
864 4326 946 4376 queam>
966 4309 1004 4361 sic
1029 4309 1101 4360 istuc
1121 4309 1240 4362 Bruuius

97 4393 114 4446 l.
134 4407 156 4448 s,
174 4405 195 4443 s,
216 4389 360 4441 eooiurrxil
447 4391 505 4441 788.
525 4386 573 4439 Nil
592 4385 631 4441 ὃ.
666 4386 707 4440 Nc
726 4388 761 4440 B.
789 4403 824 4440 ne
844 4389 929 4441 celeri.
959 4387 1036 4442 Neue
1057 4387 1238 4442 Ceorerurius.

96 4471 177 4524 Nunc
197 4487 231 4523 ne
250 4469 376 4522 Botlrius.
409 4466 518 4535 Nequi
538 4468 689 4536 Gepperlus
761 4468 873 4537 loquere
893 4471 923 4521 lu
938 4466 971 4522 L.
1002 4468 1240 4536 loquereturBD.

96 4554 193 4635 loqrcf
209 4567 237 4621 C.
272 4568 348 4636 lailre
368 4567 398 4618 tu
420 4566 445 4618 Z
571 4572 629 4619 789.
650 4567 667 4618 Ε
687 4564 759 4629 Quid
778 4565 805 4616 B
906 4563 1012 4632 Bquid
1032 4565 1066 4617 B.
1096 4565 1162 4633 quid
1182 4583 1243 4620 curo

96 4655 166 4716 spat.
189 4648 244 4701 CD
334 4648 438 4700 sactum
464 4649 505 4699 est
525 4648 707 4701 Camerarius,
746 4643 814 4696 datii
833 4642 870 4696 sit
887 4645 922 4696 B.
957 4643 1053 4697 datust
1072 4647 1109 4711 (st
1127 4662 1140 4698 e
1159 4650 1240 4714 corr.)

26 4740 30 4747 ·
99 4727 127 4781 C.
157 4728 283 4782 datumst
301 4728 337 4782 D.
371 4729 465 4779 cetum
486 4726 528 4778 est
546 4726 581 4780 L.
608 4728 702 4780 actimt
721 4727 746 4778 Z
835 4723 941 4792 puerod
965 4727 1087 4778 actumst
1107 4726 1241 4780 Gruterus

97 4811 137 4876 (ut
157 4810 192 4874 ef.
211 4807 375 4862 Iiilselrelius
395 4805 464 4860 Noe.
485 4822 538 4859 eree.
562 4807 605 4862 Pl.
626 4808 647 4860 I
660 4825 689 4874 p.
711 4811 738 4873 7)
