2932 5452
213 305 276 369 152
692 299 880 356 ΑΡΡΕΝΒΙΧ
1214 306 1361 356 see-sm

283 471 344 519 296.
365 464 436 518 Olim
455 480 504 533 pro
524 481 563 517 ex.
579 482 673 532 gymn.
693 480 753 517 cnm
772 461 925 532 prodimus,
941 466 967 517 et
985 462 1185 531 palaestricum
1199 479 1261 515 cam
1274 461 1363 516 habe·

213 563 275 599 mus
307 545 514 613 cossinnqelant.
566 544 616 619 De
641 541 830 612 geminastico
857 543 957 597 videsis
985 542 1165 598 Ititsclseliam
1194 541 1293 610 Opase.
1322 541 1365 595 II

211 644 240 696 p.
260 629 322 679 484.
360 623 492 677 exercitio
514 623 650 692 Pylades,
668 623 818 677 Bentleins.

284 710 335 759 297
346 721 399 774 sqq.
419 701 534 770 lepadas
556 700 743 757 000000τὶ00.-
761 707 791 756 01
810 702 844 768 cs.
863 704 963 774 sraqm.
983 703 1082 757 Parae.
1101 702 1167 756 med.
1186 701 1249 756 ΠΙ
1265 705 1304 756 92
1322 702 1363 756 ed.

220 787 263 840 W.
293 784 335 851 Os.
355 785 392 837 ad
405 800 429 835 o.
445 786 507 836 300.
541 781 666 836 Deinde
686 783 846 852 pelagusias
865 783 945 851 capit.
964 780 1149 848 Camerarius,
1166 782 1199 836 de
1216 780 1364 850 placasses

214 866 369 920 Lambinus
396 879 457 916 eam
483 861 609 916 Tarnebo
634 863 748 918 Adsere.
770 862 874 915 XVII
890 864 944 928 22,
970 862 1003 915 de
1026 860 1152 931 pelagiae
1176 859 1299 915 Ooloins:
1328 862 1363 926 es,

212 945 354 1000 Antonias
372 943 559 996 Nebrissensis
575 942 764 1011 Quinqaaqm.
784 959 806 999 a.
822 948 868 997 43.
894 942 942 996 Aa
959 959 984 996 o.
999 945 1050 996 299
1070 941 1160 996 addas
1177 943 1364 997 testimoniam

214 1024 367 1079 Frontonis
381 1039 411 1090 p.
424 1025 495 1088 321,
509 1026 543 1074 15
553 1021 606 1075 Ν..·
625 1020 786 1076 conuiuium
806 1021 907 1076 deinde
927 1020 1036 1089 regium
1049 1021 1172 1091 agitares
1188 1064 1194 1076 .
1210 1062 1216 1073 .
1232 1063 1239 1076 .
1255 1065 1262 1078 .
1277 1020 1362 1075 Plau-

213 1104 272 1159 tino
292 1102 431 1171 piscatu
450 1099 623 1168 hamatili‚
643 1105 674 1155 ut
692 1102 740 1156 ille
760 1101 812 1170 ait,
833 1104 865 1155 et
884 1099 1040 1156 saxatili.

288 1188 347 1235 300.
372 1183 516 1251 reptamus
540 1181 658 1235 Botltias
686 1184 823 1250 offendens
852 1183 885 1235 in
911 1182 1082 1251 repetitione:
1109 1183 1155 1237 sed
1176 1199 1202 1236 0.
1227 1186 1280 1236 297
1307 1198 1364 1236 non

217 1268 324 1318 tantam
340 1267 454 1330 propter
473 1262 657 1329 repetitionem
680 1264 842 1317 mutandam
865 1268 924 1317 erat
946 1263 1055 1317 verbam
1079 1278 1140 1317 eum
1157 1279 1192 1317 sa
1209 1263 1287 1317 codd.
1308 1267 1364 1315 tam

215 1360 248 1397 ea
266 1343 414 1408 sententia,
432 1357 493 1395 cnm
512 1343 659 1410 captamus
683 1344 815 1396 exercitui
832 1342 969 1409 venatico,
991 1359 1048 1396 non
1068 1343 1233 1411 palaestrico
1256 1357 1364 1410 respon·

215 1424 285 1476 dcat.
305 1453 339 1462 -
359 1419 403 1474 sin
422 1423 539 1475 euentus
559 1436 615 1474 non
629 1421 707 1476 uenit
721 1421 911 1477 Commorim:
930 1424 964 1489 cs.
980 1417 1108 1477 Metrias
1121 1424 1153 1476 de
1166 1422 1249 1476 iamb.
1265 1427 1364 1490 septen.

219 1503 297 1572 Lips.
317 1503 357 1556 ed.
377 1519 403 1555 a.
424 1505 497 1555 1873
511 1517 541 1568 p.
561 1504 606 1556 24.
645 1501 751 1556 Passis.-
770 1502 793 1556 si
812 1502 937 1557 Euentus
956 1518 1047 1557 noenu
1066 1502 1152 1556 uenit.

287 1587 347 1636 304.
366 1580 566 1650 conc(u)larum
586 1583 640 1648 des.
660 1582 796 1637 Loewias:
817 1587 846 1637 at
865 1584 902 1648 cs.
916 1582 1020 1636 herche
1038 1583 1190 1652 similesque
1202 1584 1365 1651 scripturas.

219 1694 253 1703 -
274 1662 385 1716 incenes
404 1678 498 1716 snmus
518 1661 669 1717 Bentleias.
711 1661 835 1717 incenati
853 1664 925 1717 imus
945 1679 1005 1717 mene
1023 1664 1109 1717 raino
1127 1663 1206 1716 metri
1226 1661 1367 1716 Francke-

216 1760 270 1798 nas
288 1744 305 1797 l.
324 1759 344 1796 s.
365 1758 385 1796 s.
402 1758 432 1809 p.
452 1745 485 1794 41
498 1758 534 1810 sq.
573 1742 664 1795 cenati
683 1760 777 1796 sumus
796 1743 909 1797 Roisins
927 1743 1085 1808 defendente
1103 1749 1127 1796 et
1141 1742 1304 1796 Hermanno
1319 1742 1366 1795 El.

215 1824 241 1877 d.
261 1840 295 1876 m.
313 1840 341 1891 p.
362 1826 416 1876 152
441 1827 465 1875 et
483 1822 618 1875 Lorensio
636 1823 667 1876 in
689 1822 828 1876 Bursiani
846 1823 951 1878 Annal.
971 1823 1042 1893 phil.
1067 1841 1093 1877 a.
1112 1819 1235 1893 1874l75
1249 1839 1280 1891 p.
1301 1827 1366 1877 008.

288 1908 346 1956 305.
377 1900 481 1954 adiurit
504 1901 623 1956 Reiains.
661 1902 770 1956 adiutet
798 1901 986 1957 Fronclenne.
1025 1902 1141 1958 adiuuet
1172 1901 1367 1957 110000οι00.-

215 1984 249 2049 es.
270 1982 422 2035 Larsneins
440 1981 477 2034 ad
498 1982 705 2037 1110000401.

287 2066 347 2115 309.
363 2060 540 2114 commodum
550 2059 700 2129 Lanqcnns
711 2061 823 2116 ‘Baitia'
836 2080 865 2130 p.
875 2065 941 2131 256,
954 2064 1070 2130 famame
1081 2067 1159 2118 reete.
1180 2062 1222 2129 Os.
1236 2063 1369 2118 Metrias

216 2144 233 2198 l.
252 2159 273 2199 s.
293 2158 313 2196 s.
329 2158 358 2208 p.
379 2145 415 2195 12
434 2142 513 2208 (etp.
535 2145 569 2194 17
588 2141 620 2195 de
639 2158 661 2194 o.
682 2146 744 2209 308,
762 2142 811 2195 nbi
828 2142 912 2197 iussit
931 2141 1045 2197 obuiam
1065 2141 1119 2196 sibi
1139 2142 1313 2212 Geppernoe).

289 2227 340 2276 ³12
350 2238 404 2290 sqq.
424 2219 528 2287 sitique
548 2237 658 2290 speque.
689 2221 834 2290 illaquam
855 2239 904 2276 uos
919 2222 1125 2278 adolescentem
1139 2221 1295 2293 ingenuum
1313 2224 1369 2277 huc

218 2302 259 2356 ire
286 2302 351 2354 dum
380 2298 426 2353 hic
455 2301 553 2353 astatis
573 2344 579 2356 .
601 2342 606 2354 .
627 2345 633 2356 .
655 2345 659 2353 .
681 2300 792 2356 uidistis
821 2302 946 2371 Pylades.
993 2302 1041 2356 siti
1074 2318 1187 2371 speque.
1230 2304 1369 2373 leequem

222 2381 428 2437 adolescentem
448 2379 520 2432 Dum
541 2380 586 2434 his
605 2382 706 2435 astatis
727 2423 732 2434 .
753 2425 758 2434 .
780 2423 786 2434 .
806 2425 811 2434 .
833 2380 944 2436 uidistis
964 2381 1059 2436 uenire
1079 2379 1261 2437 Camerarius.
1301 2382 1367 2437 ado·

219 2464 371 2516 lescentem
391 2478 440 2515 oni.
462 2461 516 2513 huc
535 2467 559 2515 ct
578 2461 708 2530 expedite
723 2468 786 2530 post
805 2462 905 2517 astatis
924 2467 948 2515 et
967 2461 1164 2516 semihomines
1184 2463 1252 2531 (scil.
1272 2480 1308 2516 es
1326 2464 1368 2517 ui-

218 2541 286 2596 disti
316 2541 385 2606 seni)
410 2546 474 2609 post
500 2540 548 2608 qui
572 2541 640 2594 treis
666 2543 805 2597 ‘nonnulli
828 2559 861 2596 en
883 2546 932 2595 eet.
957 2540 1047 2595 libris’
1072 2540 1213 2596 Lambini.
1255 2544 1368 2614 sitique.

221 2624 360 2690 Iecquem
379 2620 588 2675 adulescentem
607 2621 663 2674 hue
681 2620 755 2675 Dum
774 2621 820 2676 hic
839 2621 922 2675 statis
942 2623 1054 2675 strenua
1072 2620 1145 2675 facie
1163 2640 1184 2676 r.
1199 2621 1220 2676 l.
1243 2623 1293 2690 qui
1312 2626 1369 2677 tres

219 2703 309 2755 Ducat
323 2702 356 2755 cl.
369 2718 391 2753 c.
406 2718 442 2754 m.
459 2699 557 2753 uidisti
577 2701 671 2754 uenire
688 2701 811 2756 Gnietns.
840 2700 944 2769 sitique
959 2717 1072 2768 speque.
1093 2701 1106 2758 ll
1115 2717 1300 2770 ecquemnam
1314 2701 1370 2756 huc

218 2783 289 2834 Dum
306 2780 353 2834 hic
368 2781 461 2833 ridetis
477 2780 532 2847 (hic
547 2779 619 2834 Dum
635 2782 730 2836 adstas
744 2783 944 2846 Romaanus),
966 2779 1061 2834 uidisti
1077 2783 1189 2835 strenua
1203 2784 1222 2836 f.
1238 2801 1258 2837 r.
1275 2783 1294 2837 f.
1315 2783 1368 2836 Ve-

221 2861 281 2914 nire
301 2861 347 2929 qui
367 2864 385 2913 t.
407 2861 433 2912 d.
454 2860 573 2916 llcieias.
612 2861 658 2915 siti
678 2880 735 2931 spe.
769 2864 782 2920 is
793 2876 908 2929 ecquem
928 2859 1138 2914 adulescentem
1157 2861 1278 2917 Vidistis
1297 2862 1370 2916 facie

224 2944 337 2994 strenua
361 2939 425 2991 dum
446 2938 505 2993 illic
529 2941 629 2993 astatis
654 2942 754 2996 sortem
774 2941 970 2995 Rubicundum
993 2941 1041 3009 qui
1060 2943 1080 2994 t.
1101 2940 1126 2993 d.
1147 2942 1266 2997 Botleins
1286 2943 1370 3010 (faeie

220 3023 333 3074 strenua
352 3036 411 3073 000
432 3020 575 3086 Bentleio).
614 3021 662 3074 Ea
681 3021 900 3090 semilhomines)
919 3019 1052 3074 Lambini
1075 3038 1166 3074 seeum
1192 3024 1370 3089 0115011510-

219 3101 392 3154 sclrerliclelns
411 3101 486 3168 apud
506 3099 711 3155 Fleckeiscnnm
737 3103 813 3170 epist.
838 3103 897 3156 erit.
915 3117 943 3168 p.
963 3101 1025 3154 XX
1033 3100 1112 3154 VHI
1116 3144 1125 3168 ,
1147 3120 1200 3170 qno
1223 3119 1286 3157 cnm
1304 3105 1371 3157 aliis

222 3182 413 3248 supplantantis
433 3180 574 3248 (Pyladis,
600 3181 765 3248 Cassera-rii,
785 3182 890 3248 Reisii,
908 3182 967 3248 sno)
988 3183 1028 3234 sic
1046 3182 1092 3234 ille
1111 3198 1176 3235 usas
1195 3187 1246 3237 est:
1266 3184 1370 3252 sitique

222 3278 332 3328 spcque.
368 3261 570 3327 [sesquemnam
595 3260 686 3315 Hodie
715 3263 921 3316 adulescentem
947 3263 1059 3314 strenua
1082 3260 1100 3314 f.
1124 3280 1145 3314 r.
1169 3262 1188 3317 f.
1214 3263 1369 3330 lngenuom

219 3341 285 3393 dum
310 3340 355 3393 hic
379 3340 478 3393 astatis
506 3358 554 3394 nos
578 3342 688 3396 uidistis
714 3343 769 3397 huc
792 3342 900 3408 uenire,
925 3341 979 3405 Qui
1001 3341 1052 3394 tris
1076 3358 1168 3394 seeum
1193 3343 1322 3397 homines
1341 3344 1368 3398 d.

220 3438 242 3472 c.
263 3438 285 3473 c.
306 3438 341 3472 m.
384 3421 427 3474 De
456 3437 561 3489 speque
587 3424 698 3477 <lelando
724 3424 909 3492 copitaoesant
937 3420 1079 3474 Bentleins
1102 3422 1371 3492 Kampmannasqae

219 3503 312 3555 statim
332 3502 387 3569 ips-i
405 3502 601 3570 improbantes,
624 3504 696 3571 qnod
719 3505 788 3557 serio
812 3507 957 3557 00050001
979 3507 1041 3569 post
1062 3500 1189 3556 Gnietnm
1217 3504 1371 3558 Muellerus

219 3583 296 3637 Peos.
316 3599 346 3650 p.
372 3586 437 3647 741,
464 3580 611 3651 Seysi'ertzes
630 3584 729 3637 Pudet.
751 3583 862 3638 XXIX
884 3588 920 3650 (a.
940 3585 1024 3647 1870)
1044 3601 1073 3651 p.
1094 3587 1157 3649 407,
1181 3585 1231 3638 nbi
1246 3586 1371 3652 probans

220 3679 311 3714 secum
332 3661 458 3715 homines
478 3662 610 3715 adiunxit
631 3663 746 3717 Vidistis
766 3665 821 3718 cire
837 3669 899 3733 post
915 3663 1068 3717 Reateram.
1098 3662 1247 3717 uidistisne
1267 3667 1298 3718 in
1316 3667 1371 3731 fine

222 3744 359 3795 crtnntiati
387 3742 456 3795 addi
478 3758 557 3809 passa
579 3744 701 3796 eradiat
725 3743 886 3814 Spenqelins
913 3744 943 3796 T.
965 3744 1007 3795 M.
1031 3744 1062 3795 P.
1088 3760 1115 3810 p.
1136 3747 1172 3797 32
1195 3747 1254 3798 tres
1281 3747 1371 3800 delens

219 3823 374 3890 obloquente
394 3823 581 3875 ,ilademnndo
600 3824 704 3878 Aneml.
722 3825 792 3892 phil.
815 3824 927 3877 XCIII
941 3841 968 3890 p.
990 3828 1024 3876 51
1035 3840 1088 3890 sq,
1110 3825 1226 3892 pravius
1247 3829 1371 3893 peccavit

221 3899 400 3954 lorensi-mos
425 3904 440 3954 l.
461 3920 481 3954 s.
501 3919 520 3955 e.
566 3901 596 3956 V.
617 3908 667 3954 317
698 3902 822 3957 Silenum
846 3904 1013 3970 Lambinus,
1036 3920 1059 3957 0.
1084 3907 1136 3956 318
1160 3904 1252 3958 toruis
1277 3923 1370 3975 super-

221 3980 293 4032 ciliis
308 3981 449 4036 Benlleine
468 3983 613 4035 contracta
632 3988 744 4036 restans:
763 3985 823 4037 niele
835 3988 897 4051 post
912 3984 1102 4037 Hermannam
1117 3983 1164 4036 Ei.
1180 3985 1208 4038 d.
1223 4002 1258 4040 m.
1270 4005 1299 4055 p.
1317 3992 1370 4041 151

223 4060 413 4128 liciniumque
433 4062 449 4114 l.
469 4078 489 4115 s.
510 4081 530 4114 s.
548 4080 576 4129 p.
598 4068 629 4116 11
651 4064 792 4133 Meyernm
811 4065 828 4119 l.
847 4081 867 4117 s.
887 4080 907 4117 s.
924 4082 953 4131 p.
974 4068 1016 4117 68.
1038 4067 1079 4116 75.
1110 4064 1152 4130 Cl.
1167 4067 1261 4132 praef.

293 4144 352 4191 319.
382 4139 468 4192 Deum
496 4143 621 4212 Pylades.
654 4172 683 4180 -ν
714 4143 780 4196 muli
804 4146 854 4198 del.
878 4144 1004 4210 Reieins,
1030 4144 1179 4198 Bentleins.
1223 4146 1370 4200 hominum

221 4218 342 4284 melsun,
361 4236 416 4272 non
436 4221 592 4287 hominum,
613 4224 734 4289 malum,
752 4225 937 4292 dist-inquinat
956 4224 1081 4277 Balleias.

293 4304 352 4351 321.
373 4299 416 4353 Dc
432 4299 611 4367 isti(us)1n0di
627 4306 660 4369 cs.
676 4304 842 4358 Ritsclsclias
859 4304 956 4372 (lpasc.
974 4304 1012 4355 ll
1022 4320 1051 4371 p.
1069 4309 1132 4356 000.
1153 4308 1218 4371 003,
1233 4305 1372 4361 Laclsine

223 4382 255 4434 de
273 4385 356 4447 qcnct.
373 4398 402 4448 p.
424 4384 466 4433 55.
504 4381 547 4433 Dc
567 4383 657 4451 operis
677 4384 826 4451 Lanqenns
847 4383 957 4438 ‘Bcitr'
976 4401 1005 4450 p.
1027 4388 1086 4437 104.
1131 4384 1161 4437 V.
1182 4391 1234 4438 322
1256 4386 1370 4453 quidem

221 4462 269 4514 del.
289 4460 431 4529 Anqdins.
453 4493 483 4500 —
504 4462 632 4530 equidem
654 4464 689 4517 ad
711 4465 876 4518 carnuficem
896 4463 1026 4531 aeqdiust
1045 4463 1233 4519 Hermonassa
