2932 5452
240 352 287 415 34
728 345 862 402 PLAVTI
941 347 993 414 13,
1008 348 1121 401 sa-ra.
1141 348 1258 400 'rr-m.
1278 348 1381 398 ra-ra

243 513 350 599 Logia
374 512 527 596 ridiculos
551 510 665 575 mindo,
681 531 763 596 ¹age,
785 529 846 594 age
868 508 1019 574 lioe‘mini.

245 621 324 697 Quis
348 622 428 685 oina
451 618 577 702 posuit?
606 600 698 703 ioqui
722 617 828 700 poscit
850 615 1008 700 pra'ndio‘?

244 726 403 792 Herculeo
427 726 562 790 stabunt
584 723 734 807 prinmo,
758 723 837 786 oeni
859 722 929 786 iibi.

244 832 363 916 Ehem,
386 831 575 897 idnuisiin'?
603 831 698 893 nimo
723 828 872 893 melioris
896 827 987 892 dabit

247 935 355 1018 [Nulli
375 940 524 1003 meliores
549 940 618 1001 isse
642 923 784 1019 parasito
809 935 928 1014 sinam]

246 1044 494 1127 Gauillaiiiones,
518 1042 832 1107 Adsentaiiiineulas'

246 1153 293 1214 Ao
316 1151 601 1233 perieratiunculas
626 1146 828 1231 parasiticae.

245 1257 480 1342 Robiginosam
505 1255 670 1340 strigilim,
695 1252 871 1337 ampullam
888 1251 1044 1317 >rubidum

245 1364 296 1427 Ad
319 1364 488 1429 unctiones
512 1364 644 1448 graicas
668 1360 850 1424 sudatorias

244 1469 359 1534 Vendo
384 1470 435 1533 uel
459 1469 552 1534 lalias
576 1466 717 1531 milaces
742 1463 953 1547 crapulirias:
1344 1483 1398 1531 230

262 1594 456 1602 ..-.--—--·—

316 1667 377 1716 228.
406 1661 471 1715 Huc
498 1666 618 1728 spectare
645 1662 731 1714 omset
760 1655 926 1709 Ritselelius
953 1655 1040 1710 Pauli
1062 1673 1092 1724 p.
1117 1661 1175 1711 263
1203 1659 1288 1712 aerbo
1314 1659 1399 1713 lineo.-

244 1739 397 1794 Rubidus
485 1741 553 1794 ilem
573 1741 699 1793 scorteae
717 1736 891 1805 ampullae
914 1751 1033 1805 rugosae
1057 1737 1204 1792 rubidae
1223 1739 1281 1794 dioi
1300 1738 1398 1794 solent

316 1906 380 1954 221.4
400 1907 956 1962 nocosmnrouuosuaunosasmcnumr
975 1897 1001 1948 A
1097 1897 1189 1967 Logos
1210 1897 1397 1952 Camerarius.

246 1980 334 2034 Locos
356 1979 444 2032 BOD
467 1996 528 2032 cum
550 1981 585 2032 A.
622 1979 698 2033 iocos
722 1976 782 2030 FZ
817 1974 954 2029 rediauloa
977 1976 1004 2027 B
1108 1993 1174 2047 age,
1203 1995 1257 2048 age
1280 1977 1397 2032 Muelle-

245 2077 294 2114 rus
316 2060 395 2115 Pros.
421 2060 466 2112 Pl.
488 2075 518 2127 p.
538 2063 607 2124 689,
634 2058 731 2125 Bappo
755 2055 852 2124 Opuso.
880 2057 918 2108 ad
941 2056 1067 2124 Modoiy.
1090 2062 1205 2124 p.178.
1252 2073 1305 2126 age
1331 2058 1399 2111 libri

246 2157 306 2194 oum
325 2139 361 2192 A.
398 2139 474 2208 agite
495 2138 620 2207 Pylades.
658 2137 824 2206 Eneopilari
837 2140 956 2204 poseant
972 2137 1059 2191 muita
1146 2142 1208 2192 222.
1227 2137 1276 2192 Sic
1294 2139 1324 2192 A

247 2218 326 2289 Quis]
351 2216 403 2283 Qui
422 2217 550 2270 BCDZ.
589 2215 661 2280 Quid
681 2216 711 2269 F
798 2232 867 2288 opna
891 2213 921 2270 C.
959 2231 1047 2270 coena
1066 2217 1093 2268 Z
1180 2217 1271 2287 possit
1294 2217 1327 2271 F

246 2297 328 2365 ecqui
347 2297 406 2350 DZ
422 2313 483 2351 oum
501 2300 536 2352 A.
574 2313 605 2350 eo
624 2296 673 2364 qui
692 2296 727 2351 B.
765 2311 798 2350 eo
818 2294 865 2363 qui
886 2294 914 2350 0.
952 2295 1066 2363 etquid
1085 2295 1112 2349 A
1199 2296 1292 2367 possit
1309 2315 1396 2367 pran-

247 2378 323 2430 dium
343 2376 373 2431 F
448 2383 508 2432 223.
528 2376 762 2443 assensuumm,
779 2375 857 2444 prob.
873 2379 1350 2442 alsumaunasrsmooauarmr
1369 2382 1394 2431 A

319 2455 456 2509 Herculeo
484 2456 599 2509 stabunt
626 2454 800 2508 Ritsoirelius.
836 2453 970 2508 Hercules
997 2456 1028 2509 ta
1055 2455 1164 2511 amabit
1191 2457 1259 2511 libri
1284 2462 1397 2525 praem
1449 2460 1457 2481 '

247 2537 281 2590 A.
321 2536 418 2588 ‘Nihil
436 2537 613 2604 profecerunt
639 2534 786 2587 Acidaliae
814 2550 875 2589 oum
900 2535 980 2589 aliis’
1006 2535 1179 2590 Rimcireiius.
1216 2536 1338 2591 Herolus
1366 2540 1396 2590 te

246 2615 356 2668 amabit
383 2616 480 2683 Bappo
507 2617 524 2669 l.
548 2631 569 2669 s.
593 2630 614 2667 s.
639 2614 769 2682 Gepperti
796 2615 908 2669 lectione
934 2617 1022 2679 fretam
1111 2612 1182 2688 spuis
1206 2614 1270 2672 01).
1308 2632 1398 2671 coena

248 2695 274 2747 Z
346 2695 481 2763 ‘prandio
501 2696 550 2747 aut
569 2709 637 2748 cena
657 2693 767 2746 malim’
789 2693 955 2748 Riieehelius
1025 2695 1091 2766 libi]
1116 2696 1179 2750 cibo
1203 2696 1326 2751 Boiano

247 2776 383 2829 Herculus
401 2781 429 2829 ta
449 2775 567 2829 amabil:
592 2773 718 2843 prandio,
738 2790 824 2827 aenan
843 2773 913 2827 tibi?
933 2773 1084 2843 Gepperlus
1093 2774 1171 2831 siud.
1185 2776 1279 2830 Pam.
1290 2779 1344 2830 eol.
1359 2778 1378 2829 I
1380 2779 1397 2829 l

243 2861 319 2922 plo
381 2862 440 2909 224.
461 2856 509 2908 Sic
527 2857 567 2919 A,
585 2856 642 2908 nisi
660 2855 732 2923 quod
749 2867 917 2921 insumam
936 2859 961 2908 ct
982 2859 1257 2923 elemosimarum
1275 2857 1396 2912 ineerta)

301 2936 378 2988 Eheu
403 2936 431 2988 D
504 2940 564 2987 225.
586 2934 880 3002 ‘interpretamentum
912 2934 963 2988 eat’
993 2934 1158 2988 Ritsolrelim
1191 2935 1297 3005 θυμω
1326 2937 1395 2990 aare

303 3015 349 3067 Sic
373 3014 415 3078 A,
439 3016 496 3067 nisi
514 3013 586 3081 quod
613 3026 776 3067 PARASITOS
864 3013 944 3067 Nulli
966 3014 1064 3069 Domo
1086 3015 1124 3081 fii.
1148 3032 1209 3070 oum
1228 3018 1262 3068 A.
1302 3015 1397 3070 Nullis

248 3095 313 3147 libri
333 3099 443 3162 praetor
462 3095 488 3146 A
561 3091 684 3161 parasito
710 3093 815 3148 Doara.
853 3095 991 3163 parasitos
1019 3095 1086 3149 libri
1112 3111 1173 3149 oum
1200 3097 1228 3148 A
1303 3096 1398 3150 Nullis

248 3205 281 3212 —
301 3173 432 3241 parasitis
452 3173 614 3226 Gulielmius
711 3172 823 3225 Versum
839 3181 901 3242 post
924 3193 947 3228 o.
967 3179 1022 3230 231
1048 3176 1160 3229 collocat
1178 3175 1276 3246 Buppe
1295 3176 1314 3231 l.
1334 3192 1356 3229 s.
1375 3192 1396 3231 s.

300 3296 317 3319 „
325 3255 355 3307 V.
375 3257 530 3308 226-230
555 3254 604 3305 hoo
627 3253 723 3305 ordine
741 3253 854 3307 collocat
878 3255 1038 3308 Acidaliae:
1060 3258 1125 3310 229.
1145 3259 1210 3311 230.
1230 3258 1398 3310 neo-228

247 3333 313 3386 libri
336 3350 396 3386 cum
415 3335 456 3397 A,
480 3333 526 3385 sod
544 3338 575 3386 ni
592 3334 624 3385 in
642 3333 711 3385 Ao.
731 3338 792 3387 226
816 3335 943 3403 aprima
965 3351 1051 3387 marm
1073 3336 1201 3388 omissum
1226 3337 1317 3389 altera
1341 3352 1398 3389 mu-

246 3428 299 3465 mma
316 3413 413 3482 [immo
432 3429 465 3465 m.
483 3414 585 3479 primu,
605 3418 636 3465 nt
654 3412 728 3479 oiri]
747 3414 845 3466 litteris
862 3415 1016 3468 minoribus
1034 3417 1180 3469 inseruerit
1194 3416 1309 3482 talibas,
1329 3434 1398 3484 qua·

246 3493 317 3546 libne
341 3494 539 3563 Arpummrtum
563 3493 698 3546 Pseuduli
729 3495 861 3560 scriptum
889 3500 927 3547 esi
954 3496 1033 3547 onius
1065 3497 1214 3563 enemplum
1237 3497 1273 3548 A.
1296 3497 1400 3549 Maius

246 3575 305 3628 aeri
327 3574 416 3627 incidi
435 3574 515 3626 iussit
534 3573 607 3642 [non
626 3574 678 3637 irie,
697 3573 743 3626 sed
762 3575 859 3627 eisdem
877 3575 976 3642 quibus
993 3575 1099 3643 reliqua
1118 3577 1223 3643 simpla
1241 3582 1318 3641 suni,
1338 3578 1400 3630 licet

245 3655 397 3707 minoribus
420 3653 528 3723 surw]“
547 3652 720 3705 Bitsclielins.
760 3654 908 3707 Traditum
925 3654 1048 3706 ordinem
1065 3659 1154 3707 servm
1171 3655 1269 3723 Bappo
1288 3657 1306 3711 1.
1327 3673 1350 3710 a.
1367 3672 1399 3715 s..

245 3751 328 3801 meque
351 3735 418 3786 milri
443 3750 533 3807 omnes
550 3733 676 3799 scrupuli
703 3734 819 3800 innupti
845 3737 910 3785 sunt
999 3738 1058 3786 226.
1084 3733 1131 3787 Sic
1155 3736 1181 3786 A
1273 3733 1398 3789 Gauilla-

245 3813 348 3884 iioues]
373 3813 382 3866 i
406 3819 469 3867 (into
488 3830 503 3866 o
523 3830 536 3865 e
559 3829 627 3866 corr.
647 3812 681 3867 B.
721 3810 901 3880 Caplaliones
926 3811 1048 3880 (inpetus
1137 3814 1399 3869 adsentatiuntulas

249 3894 283 3947 l).
321 3892 572 3947 assentatiunculas
593 3891 623 3944 F
693 3897 751 3946 227.
773 3892 819 3945 Sic
838 3894 874 3957 A,
893 3893 950 3943 nisi
968 3892 1040 3959 quod
1058 3905 1097 3944 ΑΡ
1114 3893 1156 3946 oei
1173 3896 1240 3948 min.
1256 3896 1338 3963 prob.
1356 3910 1401 3948 au

325 3990 375 4040 por
400 3973 602 4027 iuraliunoulas
626 3971 661 4024 B.
699 3971 949 4038 periuraliunculas
974 3970 1003 4024 0.
1040 3989 1090 4041 per
1112 3972 1197 4026 iurati
1220 3974 1341 4027 unoulas
1360 3974 1400 4028 D.

246 4052 497 4119 periurariunoulas
521 4053 556 4105 F.
594 4050 849 4120 periuraoiuueulas
879 4051 905 4102 A
984 4055 1044 4105 228.
1069 4052 1117 4105 Sic
1139 4054 1167 4105 A
1254 4053 1400 4124 robigino-

247 4148 305 4183 sam
325 4132 351 4183 Β
378 4150 438 4185 cuin
457 4135 492 4186 A.
530 4131 720 4200 rubiginosam
740 4133 839 4198 reliqui
916 4128 1053 4197 strigilem
1072 4132 1138 4185 libri
1151 4137 1263 4200 praeter
1277 4134 1317 4200 A,
1336 4133 1401 4187 Rii—

246 4211 361 4263 schelins
422 4218 481 4264 2⁶29.
502 4212 549 4265 Sic
569 4214 604 4276 A,
624 4212 681 4263 nisi
698 4210 770 4277 qnod
788 4223 1030 4263 uumus'omouns
1108 4211 1151 4265 Ad
1170 4213 1318 4268 unctiones
1337 4213 1403 4267 Rii-

247 4290 367 4343 schelius.
407 4291 459 4343 Vel
485 4291 629 4345 unctiones
654 4293 720 4345 libri
738 4296 849 4359 praeter
867 4289 902 4340 A.
940 4287 994 4341 Vel
1017 4289 1052 4342 ad
1071 4291 1218 4345 unctiones
1237 4292 1400 4346 Acidaliae.

247 4367 299 4422 Vel
318 4369 483 4438 punctiones
503 4372 597 4439 Bappo
621 4374 637 4426 l.
653 4387 709 4425 as.
800 4387 896 4438 grecas
920 4371 1009 4424 1301)
1091 4371 1267 4427 subdatorias
1297 4374 1328 4426 B

246 4455 305 4502 230.
326 4450 372 4502 Sic
391 4449 431 4517 A,
456 4452 511 4503 nisi
529 4453 600 4517 quod
619 4464 772 4505 numurus
790 4457 815 4506 et
833 4464 1046 4519 cuauuainms
1125 4451 1224 4507 Vendo
1248 4453 1297 4506 uel
1318 4454 1404 4509 lalias
