2932 5452
235 302 325 355 lllilV
705 299 913 358 PRAEFATIO

234 480 340 547 fuerit
367 478 466 547 Nullo
494 480 627 565 negotio
656 500 804 545 mancam
833 481 1012 547 orationem
1039 481 1129 547 velut
1160 482 1227 547 hoc
1259 480 1389 567 supple·

234 599 344 663 mento
367 596 610 661 instauraveris:

873 711 938 776 dixi
960 733 1021 798 ego
1044 712 1109 777 iarn
1133 712 1259 777 dudum
1281 710 1358 777 tibi:

368 826 441 891 Nou
460 827 568 908 placet,
589 848 652 909 quc
675 832 703 891 tc
724 848 797 911 erpa
818 829 954 894 carrinam
974 828 1064 895 uideo
1085 828 1230 893 αηιὶάὲἰα
1251 828 1346 893 ulier.

368 940 456 1006 Bene
484 944 516 1006 te
544 940 652 1025 potius
680 942 786 1008 dicere
814 946 984 1029 aequomst
1009 943 1134 1010 homini
1158 943 1266 1009 arnico
1288 964 1390 1029 quarn

873 1060 966 1124 male.

235 1171 320 1237 Nam
343 1172 518 1236 amicitiam
537 1177 702 1257 carpserat
725 1195 802 1238 sanc
825 1197 855 1239 v.
873 1174 952 1239 909:
975 1196 1038 1241 aon
1055 1176 1171 1258 placet,
1192 1176 1251 1258 qui
1270 1174 1391 1241 ornias

237 1291 321 1354 iutro
343 1289 443 1354 eteritis
464 1289 619 1353 corrcluaos
641 1288 737 1353 lactet

324 1402 470 1488 Denique
503 1402 606 1467 tribua
634 1404 810 1468 interiectis
839 1406 984 1471 versibus
1015 1427 1089 1471 curn
1116 1404 1312 1472 Charmides
1337 1408 1392 1473 scd

237 1523 300 1602 ipsc
321 1520 374 1583 aar·
396 1523 441 1583 cst
463 1519 601 1603 quaerit,
625 1541 693 1583 nou
716 1519 803 1584 aliud
818 1521 944 1605 quaerit
958 1544 1056 1606 quam
1078 1519 1256 1606 quodiam
1279 1544 1310 1587 v.
1324 1522 1386 1587 901

236 1635 429 1719 quaesierat,
453 1656 526 1698 cmn
549 1633 772 1720 interrogabat
794 1635 849 1700 ubi
872 1636 988 1701 fuisset
1010 1635 1182 1702 Lesbonici
1204 1640 1303 1721 pater
1324 1637 1388 1722 epi-

237 1750 339 1814 stulas
371 1749 590 1834 sycophantae
623 1750 763 1814 tradens.
791 1750 889 1815 Redit
915 1773 1002 1816 nunc
1034 1773 1072 1816 eo
1105 1774 1203 1817 senex
1235 1774 1298 1839 per
1328 1752 1389 1818 ioci

237 1865 323 1929 illius
352 1866 566 1929 occasionem:
598 1867 675 1947 quid
705 1887 775 1949 erpo
807 1867 860 1931 illc
892 1868 1121 1950 ipimuissmaus
1147 1869 1193 1931 rai
1221 1868 1389 1933 lctilclnrl?

237 1980 416 2065 ltcliquisso
440 2003 473 2044 ae
497 1980 587 2044 illum
611 1981 642 2044 in
665 1979 820 2066 Cecropia
843 1982 950 2047 insula
973 1982 1175 2068 sycophanta
1198 1983 1390 2068 respondet:

237 2097 322 2161 unde
354 2095 562 2179 consequitur
593 2099 630 2159 ut
661 2096 696 2160 in
723 2096 785 2162 hac
813 2098 920 2163 insula
951 2098 1123 2185 acceperit,
1155 2120 1237 2183 quas
1269 2121 1301 2163 v.
1324 2100 1386 2163 901

239 2212 401 2277 Seleuciae
430 2215 577 2295 acceptas
606 2211 761 2295 epistulas
789 2217 991 2278 narraverat:
1020 2212 1196 2278 absurdmn
1223 2217 1276 2279 eat
1303 2214 1390 2279 enim

237 2328 327 2413 prius
349 2327 485 2391 traditos
509 2326 645 2412 eogitari
668 2349 765 2410 quam
789 2352 809 2392 a
832 2326 1004 2394 Charmide
1027 2327 1214 2393 discederet
1237 2327 1391 2395 Huncine

238 2443 337 2528 igitur
359 2444 485 2528 lapsum
505 2441 569 2506 doli
591 2442 667 2506 mali
686 2443 824 2508 indicem
848 2449 884 2509 ut
907 2466 948 2508 ne
972 2443 1390 2529 animadverteretquidem

238 2558 448 2623 Charmides?
485 2556 560 2622 Nou
588 2558 634 2621 ita
661 2560 820 2645 prol'ecto,
849 2560 904 2624 scd
932 2560 966 2623 in
993 2560 1092 2624 talem
1115 2559 1225 2643 potius
1249 2560 1390 2645 speciem

238 2676 306 2739 eius
329 2674 508 2760 supplenda
531 2674 649 2738 oratio:

287 2788 346 2854 Cu.
375 2788 436 2853 Seri
465 2789 533 2874 ipse
557 2788 669 2852 ubist?
703 2786 757 2852 St.
782 2790 833 2871 pol
864 2789 954 2854 illum
983 2791 1095 2874 reliqui
1119 2791 1159 2854 acl
1183 2790 1391 2856 Itlrarlamam

878 2904 910 2968 iu
935 2904 1089 2991 Cecropia
1112 2905 1229 2969 insula.

289 3022 347 3085 (fu.
371 3021 482 3085 Hercle
506 3041 667 3082 rrrcraorrm
690 3025 884 3102 perparorum:
908 3022 995 3085 ariolo
1016 3023 1070 3103 qui
1091 3022 1142 3101 liri
1166 3023 1200 3085 ia
1218 3020 1371 3093 Sclcuciu.

379 3136 417 3199 Vr
446 3135 495 3198 illc
529 3135 725 3210 circumuolat,
759 3136 793 3197 ai
822 3136 938 3200 urirum
966 3158 1047 3201 rrarrc
1077 3158 1147 3203 arua
1179 3138 1215 3201 ic
1243 3138 1392 3221 (acropus

878 3253 992 3316 ausula.

374 3365 451 3440 (liris
482 3366 613 3428 lroruust
646 3388 695 3428 mc
728 3365 944 3449 insipientior,
976 3367 1031 3450 qui
1063 3367 1144 3450 ipsc,
1175 3374 1312 3453 egomet
1339 3370 1393 3433 ubi

879 3483 953 3563 sim,
976 3482 1174 3565 quaeritem‘?

374 3597 436 3661 Sed
461 3597 505 3659 nil
530 3596 730 3661 disconducit
755 3597 830 3660 lruio
853 3597 907 3661 rei.

329 3713 477 3796 Quinque
502 3734 581 3794 quem
606 3712 929 3776 cormnorrstravimus
954 3715 1112 3777 lacunas
1136 3713 1196 3778 etsi
1222 3720 1298 3780 octo
1323 3723 1392 3781 tsn-

241 3834 309 3892 tum
338 3829 482 3892 versibus
510 3827 722 3910 explevimus,
750 3831 860 3891 tamen
887 3828 949 3892 hoc
978 3850 1043 3894 non
1072 3829 1169 3893 aliam
1192 3829 1258 3893 vim
1286 3830 1395 3914 habet,

241 3945 302 4008 uisi
326 3949 361 4007 ut
385 3945 501 4007 horum
528 3943 724 4028 paucitatem
753 3943 899 4007 sufficere
923 3943 963 4007 ad
987 3944 1190 4009 resarcienda
1215 3947 1393 4013 sententia-

241 4082 312 4122 rum
339 4059 532 4123 ‹letrimenta
559 4060 780 4144 intellegatur:
807 4058 993 4123 Plautinum
1017 4060 1103 4123 enim
1126 4061 1297 4145 ingenium
1323 4064 1394 4146 quis

241 4180 307 4235 lam
336 4175 483 4257 angustis
507 4175 624 4238 linibus
649 4174 907 4239 circumscribere
931 4175 1061 4257 audeat,
1090 4179 1126 4239 ut
1153 4198 1222 4241 non
1245 4179 1393 4261 potuisse

244 4293 371 4369 poetam
394 4288 560 4371 aliquanto
585 4291 713 4374 lougius
737 4289 909 4375 exspatiari
939 4290 1031 4354 t'acile
1055 4291 1236 4376 largiatur?
1273 4292 1392 4369 Quam·
