2932 5452
84 706 88 713 '
113 731 155 784 ni
175 738 202 797 ε,
223 736 329 786 re-sr
618 727 763 782 avarus

613 889 781 944 Daunoaus

117 965 231 1031 Sanun
254 966 313 1029 es?

603 1049 783 1104 Trinummo

333 1163 434 1207 -seu
458 1138 519 1206 tibi
543 1142 677 1207 contidis
701 1142 769 1206 fore
794 1141 930 1206 multam
956 1140 1169 1224 magudarim,

116 1221 165 1314 lit
182 1252 215 1313 te
238 1271 278 1315 ae
300 1249 411 1335 pigeat
435 1248 511 1313 dare
534 1272 665 1333 operam
688 1247 769 1313 mihi
793 1249 878 1333 quod
902 1252 934 1312 te
959 1249 1072 1330 orabo,
1096 1270 1204 1327 senex„

612 1370 781 1426 Damnosus

117 1445 168 1526 att
190 1483 251 1547 ego
275 1465 308 1525 te
331 1485 389 1547 per
412 1467 507 1527 eriira
531 1466 564 1527 et
586 1463 672 1527 talus
695 1466 886 1548 tergumque
906 1465 1053 1546 optestor
1072 1467 1171 1545 tuoni,
1217 1480 1268 1526 aaa

118 1551 184 1651 t't,
206 1567 268 1632 tibi
290 1567 432 1632 ulmeam
456 1570 489 1633 ni
513 1573 632 1633 metere
657 1571 767 1652 speras
791 1568 1016 1652 uirgidemiam

116 1656 166 1740 lit
187 1676 249 1740 tibi
272 1679 462 1740 euenturaal
487 1675 549 1740 hoe
572 1697 656 1740 anno
681 1678 810 1741 uberem
835 1678 971 1738 messem
996 1676 1083 1758 mali,

112 1761 160 1847 i'i
183 1783 228 1847 mi
251 1782 336 1847 istae
360 1782 448 1847 dieas
474 1783 586 1865 negati
609 1781 686 1866 quid
710 1783 766 1865 sit,
789 1783 874 1866 quod
897 1783 1086 1846 tumultues.

607 1906 787 1959 Tuscrmmo

115 1995 185 2074 Qui
209 1997 299 2061 lubet
322 1995 535 2061 maledicere?
559 1997 706 2080 equidem
730 1994 792 2060 tibi
816 1997 902 2061 bona
925 1997 1037 2079 optaui
1061 1995 1178 2060 omnia.

608 2117 778 2173 Daunonas

115 2211 209 2274 Bene
233 2209 382 2295 equidem
406 2210 467 2274 tibi
487 2208 572 2293 dica,
596 2212 650 2295 qni
670 2215 702 2274 te
721 2210 819 2294 digna
839 2214 875 2274 nt
894 2209 1045 2273 enniiant
1063 2232 1182 2293 precor.
1214 2224 1265 2271 alo

605 2333 786 2387 'l'nnarmmo

112 2400 279 2498 Obsecro,
301 2415 363 2480 hoe
386 2418 594 2500 praeudrtere
618 2438 703 2497 orgo.

194 2615 255 2662 633.
276 2610 384 2663 annus
403 2610 506 2663 (fatuos.
525 2610 546 2662 Ι
556 2627 587 2678 p.
609 2614 651 2676 ra,
671 2610 771 2662 .'lo'K.:
797 2610 871 2661 ‘dur'
898 2608 1077 2661 terrninntnnr
1103 2625 1186 2659 unuin
1211 2607 1267 2671 logi

113 2693 143 2744 in
166 2688 270 2741 Plauto
295 2688 456 2742 aecusatiuo
477 2707 541 2743 casn
562 2690 772 2757 ‘rnagadur’2
797 2692 840 2742 est
863 2707 930 2754 orgo
954 2690 1053 2742 tertiae
1072 2685 1268 2740 declinationis

113 2772 181 2825 ‘ris’
204 2772 310 2824 triciens
330 2768 474 2837 genetiuo:
500 2769 548 2822 sed
572 2770 636 2822 uide
656 2788 689 2821 no
710 2770 808 2822 rnnlins
833 2771 869 2821 sit
894 2769 1066 2822 noniinatino
1087 2785 1140 2821 non
1162 2768 1267 2833 ‘iringa-

111 2853 181 2906 dnr’
204 2850 310 2916 dicere,
335 2850 383 2903 sed
403 2850 643 2917 ‘rnagaduris'‚
668 2851 717 2902 aut
735 2850 758 2903 ei
778 2849 984 2904 rationabiliter
1003 2866 1184 2916 quaeramus,
1209 2849 1266 2914 pla-

114 2932 198 2987 cebit
218 2933 248 2983 ut
267 2932 462 2999 monoptotum
482 2929 582 2983 situel
601 2930 813 2996 indeclinabile,
833 2930 964 2997 qnoniam
984 2929 1077 2981 nullus
1091 2927 1268 2981 aecnsaliuus

114 3013 177 3065 ‘nr'
201 3011 253 3082 [sie
268 3011 378 3064 Keilias
396 3026 456 3063 eam
475 3010 515 3063 ed.
532 3011 638 3078 prino:
657 3002 696 3078 iu,
714 3027 783 3064 corr.
804 3012 841 3062 inr
862 3017 892 3064 at
912 3011 975 3076 rid,
994 3011 1050 3062 cod.
1065 3009 1148 3062 Bab:
1167 3007 1212 3061 nel
1232 3009 1269 3060 ris

116 3093 169 3147 uel
190 3110 223 3144 ur
241 3108 296 3145 eae.
313 3092 369 3145 cod.
386 3089 454 3143 Par.
470 3095 559 3144 7'520:
578 3092 644 3144 inibi
663 3093 789 3145 unientur
807 3093 888 3145 rerba
906 3091 956 3143 aut
970 3091 992 3143 si
1008 3134 1013 3144 .
1030 3133 1035 3144 .
1052 3134 1058 3145 .
1074 3089 1268 3143 deelinandnrn

116 3177 166 3227 est
186 3173 260 3225 alias
279 3188 332 3225 esse
350 3171 533 3240 pammatia',
551 3172 599 3238 qai
617 3172 753 3239 magndnr
767 3188 911 3240 perperam
931 3172 1115 3224 iraatsativarn
1134 3169 1268 3234 habuerit,

113 3270 199 3323 praem
219 3252 418 3306 nonsirratirani
436 3251 474 3304 ad
493 3249 668 3318 magudarim
688 3252 742 3318 ipsi
756 3253 863 3305 auctori
882 3253 968 3316 titisse
982 3268 1015 3305 aa·
1026 3252 1168 3320 prioribus
1179 3252 1268 3321 patet]

115 3332 235 3403 syllaba
254 3331 456 3385 terminaretur.
496 3332 632 3399 magadnr
656 3349 721 3399 orgo
746 3349 794 3399 per
817 3334 892 3385 totas
912 3348 993 3384 casus
1012 3329 1207 3384 declinandum
1228 3335 1269 3384 est

198 3413 363 3466 Priscianus
387 3413 450 3464 insi.
477 3411 538 3464 VH
552 3429 582 3480 p.
603 3415 671 3478 329,
688 3412 786 3465 21]st
810 3414 956 3480 praeterea
979 3411 1158 3464 inueniuntur
1183 3411 1270 3464 latina

115 3494 149 3546 in
173 3492 236 3545 ‘im’
262 3490 445 3545 terminantia
467 3492 659 3545 accusatiunm
684 3493 755 3544 banc
779 3492 876 3545 turrim
902 3491 990 3544 burim
1015 3491 1132 3544 securim
1152 3490 1267 3558 puppini

114 3574 198 3627 sitim
220 3573 313 3626 restim
334 3571 391 3624 uim
410 3571 516 3640 peluim
536 3573 636 3626 tussim
655 3571 829 3639 magudarim
850 3614 855 3624 .
878 3614 882 3625 .
904 3615 910 3625 .
931 3615 936 3624 .
957 3571 1072 3623 Plautus
1092 3569 1120 3622 in
1142 3569 1268 3623 lludente

116 3656 197 3707 ‘seu
220 3691 225 3705 .
246 3696 251 3706 .
273 3693 278 3705 .
301 3693 307 3706 .
327 3652 567 3720 magudarim’,
592 3652 666 3719 qnod
686 3650 825 3717 signifieat
843 3650 930 3719 frugis
950 3667 1037 3719 genna
1058 3650 1099 3720 lid
1120 3656 1164 3703 est
1183 3649 1270 3702 anulis

114 3734 168 3802 qui
189 3731 314 3785 nascitur
338 3748 371 3784 ex
396 3750 429 3786 ea
452 3733 532 3801 parte
552 3732 629 3785 cuius
653 3733 731 3785 radix
754 3733 836 3801 sirpis
860 3732 993 3786 anellitur
1016 3731 1060 3785 nel
1085 3734 1117 3783 ut
1140 3730 1189 3783 alii
1213 3730 1269 3783 sili-

115 3812 245 3882 gineml:
264 3813 313 3866 abi
332 3811 466 3880 silphium
484 3812 516 3864 P.
533 3812 706 3880 Leopardias
720 3814 834 3867 Errnrid.
855 3813 957 3866 VIJH
973 3818 1007 3865 10
1028 3814 1098 3865 inter
1117 3812 1190 3864 alias
1207 3827 1269 3864 eoa-

116 3896 257 3957 ieelnras,
276 3909 361 3946 aneos
379 3892 511 3946 llrrlrias
525 3895 619 3961 pos-nit
638 3895 670 3946 de
689 3894 766 3946 tricis
784 3894 952 3947 eatriearalis
971 3894 1115 3960 desperaris

198 4057 258 4105 633.
279 4051 365 4104 DEM.
387 4052 443 4105 CI)
516 4051 589 4105 Sami
609 4052 638 4104 1)
699 4053 842 4121 l'ltAl‘ffl)
863 4053 918 4105 OD
980 4048 1153 4117 magudarim
1175 4049 1269 4115 ΟΜ,

118 4135 296 4188 Priscianus,
322 4131 490 4202 magidarim
509 4133 544 4185 B.
569 4133 741 4201 maguderim
763 4132 797 4186 F.
818 4133 1014 4201 magadnrliml
1035 4131 1154 4184 Probus:
1178 4131 1212 4195 es.
1233 4135 1268 4183 le-

117 4216 195 4269 siim.
218 4211 253 4281 (³⁸)
328 4219 389 4266 634.
413 4216 482 4280 quet
500 4213 528 4266 B
601 4219 660 4265 635.
687 4212 839 4266 1111101)
911 4213 1036 4266 obtestor
1056 4212 1122 4264 libri
1193 4213 1270 4264 tuom

118 4296 161 4350 Ι).
200 4298 279 4346 tuum
300 4292 421 4347 BCFZ
492 4298 552 4346 636.
572 4291 693 4346 ulmeam
712 4293 777 4346 Fr.
807 4291 926 4344 nimeam
949 4291 1012 4344 01).
1046 4290 1074 4342 ni
1093 4290 1200 4343 meiaB

118 4375 150 4428 ui
173 4377 278 4427 metere
297 4372 337 4426 Ε.
377 4372 425 4426 ubi
450 4390 478 4426 re
498 4373 531 4428 (ῖὸ
551 4373 585 4425 B.
624 4375 736 4427 uberem
756 4389 816 4425 esse
837 4371 958 4424 ΟΜΖ
1029 4386 1123 4440 speras
1145 4371 1179 4422 l).
1209 4389 1269 4440 spe·

119 4471 168 4508 res
187 4453 310 4507 Bora
368 4452 564 4521 uirgidemiam
584 4454 650 4508 ΡΖ,
672 4454 779 4521 nirgidi
799 4453 853 4505 iam
873 4453 908 4506 B.
930 4450 1003 4519 nirgi
1023 4451 1144 4504 derninm
1165 4452 1220 4506 (Π)
1234 4454 1270 4521 (*)

196 4539 258 4587 637.
279 4535 445 4587 euenturam
464 4534 517 4586 hoc
537 4550 608 4587 auno
628 4534 662 4587 B.
693 4533 744 4585 hoa
764 4550 837 4584 anno
858 4534 1021 4584 euenturanr
1044 4531 1164 4585 ΟΜΖ
1179 4533 1216 4602 (*)

119 4619 184 4669 638.
204 4612 275 4666 mihi
294 4615 361 4667 libri
432 4613 544 4681 negocii
562 4611 630 4666 BF.
664 4613 769 4681 negotii
791 4613 846 4664 01)
917 4638 936 4680 a
956 4613 984 4680 (i.
1004 4629 1024 4666 e.
1045 4613 1130 4682 quod)
1150 4616 1180 4665 tu
1200 4614 1269 4665 rnul-

120 4693 233 4748 tuesIl
306 4688 530 4760 aaouancffl)
553 4691 607 4745 Ol)
679 4694 795 4746 libelli
868 4693 941 4746 male
961 4692 1053 4746 dicere
1073 4693 1102 4745 D
1174 4693 1270 4762 optani

125 4772 253 4838 Caietae,
274 4771 394 4837 licitiae,
417 4771 565 4825 Bentleias.
587 4773 718 4841 exoptani
738 4774 805 4826 libri
890 4778 948 4826 olo.
970 4772 1054 4826 lllllll.
1077 4773 1132 4827 01)
1203 4780 1270 4839 {icor

122 4863 153 4914 rr
214 4867 273 4914 an.
293 4858 431 4914 aimon:
453 4862 481 4915 o.
510 4845 592 4913 aaa
607 4880 644 4916 er.
665 4863 701 4917 1).
725 4879 774 4917 om.
795 4861 854 4916 aa
908 4862 970 4931 urs.
990 4879 1009 4918 e.
1030 4862 1083 4915 hoc
1102 4862 1140 4930 a)
1194 4876 1272 4929 pae-
