2932 5452
660 742 866 801 anserino
1266 772 1332 815 m

185 909 300 993 faxim’
332 911 494 996 pertinere
528 911 567 975 ad
600 935 629 977 v.
653 912 693 977 61
726 911 858 994 scaiman
885 907 946 997 (sic
977 911 1067 997 libri,
1096 911 1239 994 senicius
1271 909 1330 977 Ca·

188 1016 372 1104 merarius).

277 1125 348 1190 Iam
371 1125 559 1210 priusquam
588 1149 741 1212 magnum
765 1129 908 1192 locorum
932 1149 1099 1192 numerum
1122 1149 1249 1211 enarro,
1276 1127 1331 1211 qui

186 1232 300 1296 eadem
319 1232 445 1296 ratione
464 1231 545 1295 mihi
564 1232 734 1298 videantur
752 1234 914 1298 iudicandi
934 1256 1013 1318 esse,
1036 1234 1147 1318 paucis
1166 1252 1329 1299 recurren-

187 1337 264 1402 dum
289 1342 340 1402 est
363 1337 403 1402 ad
426 1361 455 1402 v.
470 1338 545 1422 238,
570 1339 625 1422 qui
649 1341 834 1424 gravissimi
857 1341 1007 1425 ponderis
1031 1345 1081 1406 est
1102 1341 1136 1405 in
1154 1340 1216 1406 hac
1235 1363 1331 1425 quae·

187 1446 294 1510 stione
328 1449 361 1509 et
384 1445 515 1511 omnino
540 1447 636 1512 crisin
660 1448 692 1511 in
716 1447 911 1512 Truculento
939 1447 1152 1512 factitandum
1176 1452 1328 1532 tanquam

186 1552 359 1617 illuminat
405 1551 476 1617 Hoc
507 1553 579 1618 loco
612 1577 649 1618 ex
678 1554 796 1618 codicis
819 1554 853 1618 B
876 1555 1031 1619 memoria
1057 1557 1111 1637 qui
1133 1556 1162 1620 si
1184 1555 1332 1637 murnqud

186 1659 293 1725 alanos
318 1661 440 1742 opimas
468 1660 520 1724 vix
548 1661 653 1741 lenior
680 1662 854 1747 eademque
885 1663 992 1746 aptior
1016 1663 1201 1729 coniectura
1223 1663 1331 1747 potuit

186 1766 290 1851 effici,
322 1788 418 1851 quam
449 1769 576 1853 qualem
601 1767 804 1834 Camerarius
834 1770 1045 1855 excogitavit:
1072 1790 1181 1853 quaeso
1203 1777 1331 1852 nuncque·

185 1874 269 1938 male
295 1894 350 1938 nos
377 1876 505 1957 opimus.
551 1875 787 1951 Quameamen
810 1900 910 1960 pravo
933 1878 996 1941 niti
1019 1878 1228 1943 fundamento
1252 1877 1329 1941 Am-

186 1981 335 2046 brosiam'
358 2003 418 2065 ope
442 1982 660 2048 intelleximus
684 1987 738 2066 qai
760 1984 889 2049 suenus?
912 1986 989 2066 qrrr'd
1010 1991 1054 2051 est
1071 1988 1152 2068 quod
1168 1987 1249 2050 neck
1266 1986 1332 2068 epi-

186 2109 258 2153 mus
278 2089 485 2173 praestantis.
529 2090 683 2154 Eiusdem
708 2113 782 2155 vero
806 2093 838 2156 A
862 2092 980 2157 virtute
1004 2093 1105 2157 mirae
1129 2092 1332 2178 corruptelae

187 2195 276 2260 viam
302 2196 451 2281 persequi
479 2218 662 2280 possumus:
691 2198 744 2280 qui
774 2219 845 2261 cum
874 2222 902 2262 v.
921 2199 987 2262 240
1005 2200 1060 2281 pol
1082 2221 1146 2264 nos
1169 2201 1332 2285 praebeat,

185 2302 245 2367 ubi
266 2303 323 2384 pol
350 2302 473 2366 habent
500 2302 655 2385 Palatini,
684 2308 716 2367 et
743 2325 837 2386 neque
859 2326 1030 2387 uniquam
1052 2307 1131 2390 atla,
1161 2307 1216 2371 ubi
1239 2328 1333 2388 eeqrce

186 2408 256 2473 ulla
279 2412 406 2474 tantum
420 2409 470 2473 illi
485 2414 663 2494 servarunt,
687 2411 763 2494 quid
778 2412 897 2476 certius
913 2434 982 2476 esse
997 2416 1114 2496 potest,
1138 2436 1232 2497 quam
1250 2436 1331 2498 quae

187 2514 269 2580 haec
292 2539 320 2580 v.
344 2516 409 2580 240
433 2517 630 2583 detrimenta
658 2520 776 2582 sarcire
807 2519 969 2583 debebant
993 2542 1100 2603 voces,
1124 2543 1161 2584 ex
1185 2520 1332 2604 margine

187 2623 222 2686 in
246 2646 275 2687 v.
294 2622 359 2687 238
379 2622 546 2707 irrepsisse
572 2629 604 2688 et
626 2646 664 2690 us
686 2627 762 2706 qaid
784 2631 827 2689 est
848 2623 959 2710 qu0d¹)
984 2627 1207 2711 oppressisse?

279 2729 372 2805 Quod
397 2732 424 2795 si
448 2731 519 2814 quis
544 2732 581 2795 de
606 2754 693 2795 mera
716 2731 900 2795 coniectura
923 2733 1127 2815 protulisset,
1156 2755 1220 2795 non
1244 2734 1333 2797 dees·

189 2838 264 2900 sent
301 2837 357 2921 qui
389 2838 559 2922 hariolari,
596 2860 664 2931 non
690 2839 743 2901 via
771 2860 808 2902 ac
831 2839 956 2902 ratione
984 2838 1154 2921 procedere
1185 2839 1331 2903 criticum

187 2943 380 3008 clamarent:
408 2944 472 3008 iam
502 2966 573 3008 cum
597 2944 791 3029 antiquioris
815 2945 934 3008 codicis
957 2945 1143 3008 testimonio
1167 2945 1331 3008 confirme-

186 3055 257 3134 tur,
284 3074 378 3117 nemo
409 3075 474 3116 non
502 3052 612 3117 credit.
659 3051 704 3123 At
732 3074 807 3116 vero
836 3053 888 3116 via
915 3074 952 3117 ac
979 3053 1104 3116 ratione
1133 3052 1160 3115 si
1184 3052 1331 3115 volumus

187 3158 380 3242 procedere,
407 3158 592 3222 extalibus
617 3158 697 3222 locis
722 3158 951 3223 desumendum
975 3159 1069 3223 nobis
1094 3164 1156 3242 est,
1180 3157 1256 3242 quid
1281 3180 1331 3247 su-

185 3266 309 3349 spicari
339 3266 437 3330 liceat
465 3266 502 3329 de
531 3266 610 3329 locis
639 3266 814 3348 corruptis,
848 3266 904 3329 ubi
932 3266 1114 3351 antiquiore
1144 3265 1331 3330 testimonio

184 3373 340 3437 destituti
371 3369 522 3458 sumus.²)
565 3371 736 3455 Singulare
770 3377 878 3436 autem
912 3395 975 3436 non
1007 3397 1076 3439 esse
1105 3374 1185 3437 illud
1217 3374 1332 3437 vitium

183 3479 262 3563 ipso
282 3479 492 3563 palimpsesto
507 3480 586 3543 duce
600 3481 729 3543 firmare
744 3501 929 3562 possumus:
949 3502 1024 3544 nam
1039 3503 1105 3545 non
1119 3479 1214 3544 modo
1229 3480 1332 3543 v.195

181 3586 322 3669 accedit,
345 3609 438 3670 quem
464 3609 561 3670 supra
584 3608 621 3649 ex
642 3585 788 3650 Muelleri
812 3588 972 3650 sententia
994 3588 1253 3670 commemoravi,
1277 3586 1332 3650 sed

180 3693 221 3757 hi
247 3697 416 3776 practerea
439 3693 518 3757 loci:

279 3798 320 3862 V.
346 3801 407 3864 138
431 3801 506 3881 quid
527 3801 601 3863 iam
625 3797 740 3881 BCD,
763 3799 817 3879 qui
839 3798 871 3861 A
895 3794 994 3882 (quod
1018 3800 1204 3880 postulante
1229 3804 1331 3862 metro

176 3927 403 3939 ....-.—-..-..-.

264 3995 290 4059 1)
310 3993 372 4047 Non
391 3996 465 4047 recte
484 3992 634 4047 Muellerus
654 3993 671 4045 l.
692 4011 712 4044 s.
732 4010 753 4044 s.
773 3990 917 4060 dicitque
936 4006 968 4043 ex
987 3991 1054 4058 quid
1073 3993 1200 4059 estquod
1223 4007 1331 4044 reman-

174 4077 261 4130 sisse
280 4089 329 4127 nos
347 4075 456 4126 tantum
478 4077 542 4141 (non
562 4078 699 4141 uniquam)
719 4071 870 4139 expediens
890 4088 922 4124 ex
942 4090 966 4124 v.
987 4074 1046 4123 240.

262 4155 290 4221 2)
310 4152 445 4207 Similiter
467 4155 496 4207 in
523 4153 640 4208 canticis
664 4151 843 4205 restituendis
867 4151 915 4219 qui
934 4149 1015 4203 nimis
1034 4148 1114 4202 anxie
1135 4148 1266 4202 librorum
1288 4166 1332 4202 vc·

168 4234 277 4305 stigio
296 4237 437 4302 premunt,
456 4235 482 4286 A
502 4234 550 4287 ubi
568 4233 662 4298 adest,
682 4233 800 4285 libenter
819 4231 950 4285 deserunt
968 4234 1075 4284 eeteros
1094 4230 1192 4295 libros,
1216 4246 1332 4296 (luorum

170 4312 413 4372 ‘auctoritatam’
435 4330 467 4367 ac
488 4313 594 4367 ‘fidem'
616 4328 698 4380 saepe
717 4327 771 4363 non
792 4311 881 4364 minus
901 4311 1076 4379 praedicant,
1097 4310 1145 4363 ubi
1163 4309 1211 4364 ille
1231 4309 1332 4362 deficit.

154 4402 289 4465 {taque
309 4411 334 4448 v.
351 4399 398 4446 111
415 4411 497 4449 nemo
516 4410 570 4446 non
591 4392 720 4446 adsciscit
738 4397 839 4445 ecastor
858 4408 890 4443 er
906 4391 940 4457 A,
960 4390 1033 4458 quod
1053 4391 1216 4444 deleverunt
1235 4389 1333 4443 ceteri:

162 4496 254 4540 num
276 4474 365 4544 igitur
383 4474 562 4529 temerarium
581 4477 630 4540 est,
649 4473 724 4540 quod
745 4472 855 4526 eosdem
876 4490 901 4523 v.
922 4477 985 4537 105,
1005 4470 1052 4524 ubi
1071 4469 1245 4540 palimpsesti
1265 4478 1332 4523 ncn-

161 4564 254 4618 dum
276 4553 378 4623 incipit
397 4555 544 4621 memoria,
563 4571 671 4607 saurim
690 4553 815 4606 omisisse
835 4551 958 4618 sumpsi?
981 4551 1054 4619 quod
1075 4555 1104 4605 ct
1125 4567 1233 4605 versum
1253 4551 1332 4604 resti-

160 4641 240 4700 tuit
264 4638 294 4688 ct
314 4636 481 4688 sententiam
503 4665 535 4673 —
555 4652 644 4703 neque
665 4634 738 4687 enim
758 4633 791 4686 dc
813 4631 966 4699 ‘quopiam‘
983 4632 1037 4700 agi,
1058 4632 1106 4687 sed
1122 4632 1155 4685 de
1170 4649 1250 4687 servo
1264 4647 1331 4701 quo·

159 4723 265 4798 piam
282 4734 307 4770 v.
324 4720 374 4767 195
383 4733 441 4784 sqq.
458 4715 649 4769 demonstrant
668 4746 700 4753 -
721 4715 842 4781 itemque
862 4714 936 4766 inter
953 4714 996 4765 sia
1015 4714 1047 4765 ai
1064 4711 1148 4766 facile
1167 4712 1334 4767 intercidere

157 4797 296 4880 potuit,
322 4794 443 4862 denique
468 4812 529 4849 cum
554 4797 701 4850 αῑίεεταανε
724 4797 814 4849 lusum
839 4793 924 4847 elficit
943 4809 1006 4846 vere
1031 4792 1199 4846 Plautinum.
1241 4795 1334 4860 Atque

157 4877 318 4944 eiusdem
338 4873 415 4928 modi
434 4875 561 4943 exempla
580 4876 652 4930 hand
672 4893 761 4946 pauca
776 4874 873 4929 afferro
893 4889 1014 4941 possum.

233 4983 339 5022 l’uvrr
354 4976 530 5014 Tavcvnnsrvs
659 5022 662 5029 Ι
1103 4961 1122 5016 b
