2932 5452
162 335 223 376 xxx
628 300 834 360 PRAEFATIO

163 471 333 536 notatione
357 470 551 535 monstravi:
574 469 679 533 nihilo
703 467 809 531 minus
833 465 935 531 malui
959 467 1103 533 scribere
1124 468 1191 551 fed
1210 466 1307 536 leodic

155 578 220 660 pol
240 575 312 664 (pro
332 578 457 664 edepol),
479 600 544 642 non
564 576 660 641 modo
680 575 757 660 quia
773 575 862 640 leodic
879 573 1002 658 optime
1026 575 1180 660 quadrat,
1201 600 1306 643 rerum

161 685 260 748 etiam
289 685 501 769 quinctili]
533 684 587 747 hoc
613 683 750 763 deserum
778 684 966 765 corruptum
996 686 1047 746 est
1076 682 1112 747 in
1137 683 1228 749 dode
1253 683 1308 769 (sie

164 790 232 869 OD,
254 790 309 855 hoc
331 793 380 855 die
402 788 450 877 Β)
473 791 613 873 efferum,
640 792 676 853 ut
706 788 794 853 leodic
817 792 1001 853 correctura
1024 788 1066 852 ad
1088 789 1235 871 deferam
1254 812 1308 875 pro

163 888 428 981 edepol'depulsa
451 895 640 980 videatur.¹)

252 1003 356 1068 Versu
381 1008 488 1068 autem
512 1004 576 1066 ⁴358
600 1007 774 1086 postquam
797 1000 934 1067 urbanos
957 1002 1045 1067 vocis
1073 1003 1243 1069 nerendedos
1263 1025 1308 1069 ex·

162 1110 372 1194 plicationem
397 1133 468 1174 esse
492 1132 563 1173 curn
587 1109 662 1173 aliis
686 1108 841 1192 intellexi,
864 1110 985 1174 conieci
1005 1109 1102 1175 Nm
1122 1110 1244 1176 terete
1262 1132 1308 1195 eye

162 1219 349 1281 ismarae.
375 1216 465 1303 (nam
495 1217 623 1300 saepius
652 1215 748 1280 hercle
776 1221 852 1281 ante
879 1238 930 1299 epo
953 1216 1066 1281 omitti
1093 1214 1253 1305 constet);
1277 1224 1309 1283 ot

162 1345 264 1408 nuper
287 1345 360 1387 cum
385 1346 421 1387 ex
447 1324 557 1387 eadem
581 1325 742 1388 sententie
765 1323 923 1388 lordanus
945 1327 1147 1407 proponeret
1163 1346 1308 1409 nasequ

157 1431 221 1513 pol
247 1432 331 1509 istoc,
364 1430 475 1494 statim
500 1430 650 1514 perspexi
679 1451 789 1494 verum
822 1430 884 1495 hoe
915 1426 1019 1515 esse²)
1049 1451 1158 1515 neque
1188 1430 1305 1497 aliunde

119 1574 123 1581 ·
164 1536 327 1621 explicari,
350 1536 433 1620 quod
459 1536 493 1600 B
516 1558 554 1599 ex
577 1537 713 1600 celesius
737 1536 844 1600 effecit
867 1557 1031 1620 unrespos.
1074 1536 1169 1614 Quae
1186 1561 1304 1624 corrup

161 1645 229 1708 tela
252 1647 289 1706 ut
312 1642 421 1727 aliqua
439 1642 611 1727 indigebat
635 1665 741 1726 eausa,
764 1644 812 1707 ita
830 1665 1034 1727 nequaquam
1053 1646 1124 1711 veri
1144 1646 1248 1711 simile
1266 1647 1303 1711 ri·

164 1774 236 1816 sum
256 1755 306 1815 est
320 1773 348 1815 v.
365 1750 427 1814 706
444 1752 511 1831 prit
529 1750 720 1833 simpliciter
744 1773 782 1814 ex
805 1752 864 1814 erit
886 1750 1102 1836 depravatum
1127 1775 1213 1819 esse:
1234 1775 1300 1838 quo

162 1858 248 1923 circa
266 1858 391 1939 weriot
418 1855 528 1938 (pie)
558 1857 733 1939 praeeunte
764 1854 885 1920 Botlrio
916 1878 953 1921 eo
984 1856 1145 1923 libentius
1174 1855 1297 1944 intuli¹),

163 1965 239 2048 quie
267 1985 340 2028 cum
369 1963 520 2046 exempla
548 1963 742 2027 confirmant
772 1962 969 2027 locutionem
991 1966 1063 2028 tum
1089 1966 1189 2031 simul
1211 1966 1300 2030 alters

163 2071 346 2155 corruptela
371 2070 417 2134 sic
441 2070 629 2154 explicatur,
653 2069 737 2153 quod
762 2071 926 2153 proximus
949 2093 1064 2137 versus
1088 2072 1203 2137 eodem
1228 2070 1298 2157 pede

161 2179 279 2242 uriom
303 2176 368 2263 (vel
392 2175 509 2262 uricret)
532 2176 668 2260 praebet
691 2199 787 2241 sensu
810 2198 945 2243 cassum.

254 2283 315 2349 Sed
339 2283 444 2347 multo
469 2284 587 2348 certius
616 2284 683 2348 eius
712 2284 799 2348 modi
828 2284 1009 2367 exemplum
1038 2285 1127 2349 idem
1151 2285 1295 2351 canticum

161 2392 312 2477 praebet,
341 2391 396 2455 ubi
427 2391 546 2455 mirum
577 2394 627 2455 est
656 2395 725 2455 tem
755 2392 808 2457 diu
836 2392 983 2457 homines
1010 2391 1126 2457 doctos
1154 2393 1294 2459 tolerasse
1334 2394 1338 2407 '

163 2523 192 2566 v.
216 2500 350 2583 lOOsq.:

252 2607 358 2687 Neque
386 2610 514 2687 pnotust
541 2625 635 2686 neque
662 2605 862 2688 propipnetur
891 2627 986 2688 neuere
1011 2611 1115 2689 potest
1152 2606 1292 2689 reperiere

255 2714 333 2791 Quoi
355 2733 406 2792 epo
429 2733 512 2775 ezernc
535 2712 633 2792 <nect>
656 2712 771 2774 (lintrem
795 2716 850 2776 olet
869 2713 1000 2791 fuctum:

161 2841 236 2882 narn
265 2840 316 2899 ceo
343 2840 440 2881 lerino
469 2819 563 2900 plane
592 2821 717 2900 pugnat
740 2841 812 2882 curn
835 2839 929 2899 neque
950 2820 1162 2902 propinentur.
1207 2819 1287 2883 Recte

164 2926 264 3007 igitur
292 2946 375 2987 serene
406 2922 531 3009 (tacite)
563 2924 673 2987 omisit
705 2924 897 3008 Seyffertus,
927 2948 991 2989 non
1020 2931 1107 2990 recte
1138 2927 1286 2991 Muellerus

161 3030 290 3116 (tacite)
318 3030 447 3095 reduxit
475 3032 637 3115 ceteroqui
668 3031 790 3096 faciens
819 3055 890 3095 oum
923 3031 1090 3115 Seyfferto.
1137 3034 1204 3098 lam
1230 3053 1286 3095 vero

160 3140 327 3222 proximus
352 3160 464 3201 versus
489 3160 621 3201 mancus
646 3136 742 3221 esen,
765 3141 819 3222 qui
844 3162 908 3202 non
933 3140 1028 3203 modo
1053 3141 1137 3206 bene
1159 3162 1236 3205 eterne
1254 3162 1286 3203 re

161 3246 241 3328 cipit
267 3282 303 3290 —
331 3245 407 3327 quin
437 3246 535 3307 immo
564 3245 683 3308 dudum
707 3244 851 3328 Guyetus
880 3247 1060 3311 inseruerat
1084 3249 1169 3312 idem
1194 3272 1219 3312 v.
1240 3246 1283 3310 701

160 3352 401 3434 transponendo
430 3372 562 3414 serva-ns
594 3388 634 3396 -
667 3351 721 3414 sed
753 3353 831 3415 item
861 3375 921 3433 epo
951 3375 1034 3417 reernc
1063 3354 1171 3419 locum
1202 3356 1286 3433 habet,

160 3459 243 3522 unde
271 3459 446 3522 manifesta
470 3464 520 3521 est
546 3459 590 3520 rei
617 3455 741 3542 ratiod)

233 3640 258 3703 1)
271 3635 300 3690 V.
314 3641 366 3689 958
377 3652 489 3688 enecone
500 3650 549 3701 pro
559 3650 599 3686 me
606 3635 763 3700 portentat:
775 3651 800 3687 v.
812 3640 863 3686 959
871 3637 1061 3704 posteriorpro
1070 3644 1133 3704 post
1142 3654 1186 3691 ero
1195 3644 1286 3691 tecue.

232 3720 258 3775 2)
270 3715 389 3768 Omnino
400 3730 499 3766 moneo
511 3730 554 3764 me
565 3712 704 3765 rarissime
716 3730 748 3766 ex
758 3713 1071 3769 talibusvitiisaliorum
1082 3718 1204 3772 locorum
1213 3733 1287 3771 erner-

160 3792 301 3846 dationem
316 3795 428 3861 petisse,
444 3793 490 3846 sed
506 3792 598 3860 potius
615 3810 647 3845 ex
662 3793 901 3848 emendationibus
918 3796 987 3850 vitia
1002 3796 1145 3866 explicata
1159 3796 1286 3851 invenisse.

231 3875 258 3937 3)
278 3874 371 3928 deleto
388 3876 464 3927 miles
479 3873 552 3940 quod
567 3871 649 3925 facile
665 3889 697 3926 ox
708 3891 788 3926 versu
804 3874 986 3929 antecedente
998 3877 1171 3946 cogitatione
1182 3874 1286 3946 suppleri

159 3955 254 4020 potest
272 3970 322 4006 nec
342 3954 433 4007 minus
454 3952 536 4007 facile
555 3953 620 4005 eddi
640 3953 769 4021 potuita
788 3954 909 4009 librario.
948 3956 1002 4008 Cur
1021 3959 1117 4011 auteur
1136 3958 1224 4011 minus
1239 3954 1286 4011 ueri

159 4032 249 4086 simile
265 4034 302 4086 eit
312 4052 333 4101 p
345 4034 467 4087 litteram
484 4051 517 4087 ex
529 4036 588 4100 prii
602 4034 637 4086 ad
653 4035 738 4086 oriem
754 4033 824 4087 illud
844 4035 1039 4104 corrigendum
1059 4037 1150 4103 (velut
1163 4038 1286 4107 μήπω)

158 4112 305 4178 pertinere,
327 4131 381 4167 non
401 4114 536 4182 estquod
556 4115 657 4168 dicam.

230 4194 256 4253 4)
277 4192 428 4246 Multorum
448 4196 575 4262 plausum
595 4196 661 4248 tulit
677 4195 818 4263 Spengelii
838 4197 1064 4265 supplementum
1085 4199 1285 4265 (laetellaetes

158 4268 231 4336 quod
251 4272 346 4323 tumen
366 4274 422 4326 feru
442 4274 557 4326 nimium
578 4276 633 4339 ost,
658 4292 720 4328 cum
740 4276 854 4344 insuper
875 4276 996 4330 addetur
1014 4283 1038 4331 ct
1058 4279 1165 4332 laetitio
1181 4279 1284 4344 differor.

230 4354 257 4406 bl
278 4349 413 4406 Similiter
437 4355 511 4420 quod
536 4372 560 4409 v.
581 4360 632 4407 831
658 4356 740 4422 (uiri)
760 4358 828 4408 raino
852 4359 1013 4426 corruptum
1037 4360 1081 4412 est
1104 4359 1132 4412 in
1157 4361 1212 4413 cire
1233 4370 1284 4409 eos

156 4427 274 4484 fortasse
300 4430 432 4487 cohaeret
454 4449 516 4487 cum
536 4450 561 4485 v.
582 4440 642 4502 829,
667 4435 712 4490 cui
735 4437 808 4505 quod
830 4452 896 4491 non
918 4439 978 4507 quit
1005 4455 1056 4509 pro
1082 4440 1154 4511 qaod
1171 4438 1215 4495 vel
1230 4433 1284 4508 quid
