2932 5452
554 764 761 819 PRAEFATIO
1144 763 1233 818 xxxi

224 943 369 1030 Effugiet
392 966 430 1009 ex
453 944 546 1028 urbe,
569 943 624 1007 ubi
648 946 743 1007 erunt
765 943 870 1007 factae
892 943 1036 1027 nuptiae.

87 1059 174 1124 Item
199 1059 276 1142 hoc,
303 1058 390 1143 quod
417 1062 493 1145 post
518 1081 548 1124 r.
574 1060 634 1122 147
669 1078 853 1123 sermonum
883 1058 1064 1144 integritati
1096 1059 1236 1123 breviter

88 1174 270 1259 significavi
292 1174 352 1238 tali
375 1174 497 1239 inserto
521 1174 678 1238 versiculo
702 1148 875 1238 satisfieri:¹

144 1287 203 1355 ΟΛ.
226 1287 520 1374 Circumspicedum
543 1292 588 1372 te,
610 1289 725 1372 nequis
747 1288 833 1353 adsit
854 1289 983 1353 arbiter.

135 1404 204 1469 Ma.
226 1403 303 1470 Non
326 1408 384 1469 est.
407 1401 465 1469 Os.
489 1403 544 1468 sed
567 1425 686 1488 quaeso
709 1403 884 1467 identidem
907 1405 1124 1489 circumspice.

135 1519 205 1585 Mn.
227 1520 304 1585 Noli
325 1520 441 1583 uerat:
464 1524 532 1583 tuto
553 1525 627 1583 aaut
647 1518 697 1582 lu‘c
718 1521 832 1582 orrrniu.

224 1635 382 1700 Ausculto
405 1634 510 1719 siquid
533 1634 629 1698 dicas.

181 1863 263 1932 Gum
277 1867 401 1931 lacunis
416 1870 524 1932 autem
540 1867 691 1951 quoniam
711 1867 911 1951 propinquae
930 1866 1093 1931 societatis
1108 1867 1235 1932 vinculo

90 1984 119 2048 is
137 1983 229 2048 locus
247 1984 432 2048 continetur
449 1983 505 2067 qui
523 1987 573 2047 est
591 1983 629 2046 de
648 1982 1036 2066 interpolationibus,
1053 2004 1151 2066 quam
1168 1983 1236 2046 fere

92 2099 190 2164 eoin
218 2118 334 2184 genere
361 2118 509 2163 normam
533 2101 660 2163 secutus
688 2098 762 2181 sim,
789 2097 900 2181 paucis
927 2118 996 2162 esse
1028 2097 1236 2181 aperiendum

91 2214 195 2279 video.
218 2213 326 2298 Atque
350 2236 404 2279 eas
427 2213 556 2299 quidem
579 2214 858 2298 interpolationes,
886 2234 968 2297 quae
991 2234 1008 2277 e
1031 2214 1128 2278 meris
1151 2215 1235 2299 glos·

92 2329 225 2394 seruatis
252 2330 428 2394 molestare
454 2328 688 2413 interpretandi
715 2328 874 2392 industria
900 2332 997 2392 natae
1024 2329 1138 2394 misere
1161 2352 1235 2395 eon-

92 2445 173 2509 sutis
206 2445 323 2529 pannis
350 2445 404 2509 vix
430 2466 468 2508 ac
494 2466 536 2507 ne
563 2444 615 2508 vix
638 2444 767 2528 quidem
793 2444 888 2507 rectis
920 2430 1055 2527 pedibus
1082 2445 1237 2510 incedunt

92 2565 149 2624 aut
172 2561 299 2625 violatis
322 2560 577 2651 linguaelstilive
595 2560 721 2643 legibus
739 2560 959 2642 integritatem
983 2561 1139 2625 sermonis
1162 2583 1236 2626 con-

92 2676 321 2740 cinnitatemve
350 2675 582 2739 sententiarum
610 2675 781 2738 manifesto
810 2674 943 2758 tollunt,
970 2697 990 2737 a
1011 2674 1236 2740 Plautinorum

92 2790 307 2855 continuitate
330 2812 461 2874 prorsus
480 2789 624 2854 exclusas
643 2791 677 2853 in
697 2790 939 2853 adnotationem
957 2790 1061 2873 reieci,
1079 2790 1237 2873 siquidem

93 2904 132 2969 de
155 2927 267 2970 earum
290 2906 458 2969 futtilitate
482 2906 547 2969 iam
570 2906 679 2969 liceret
698 2905 842 2969 omnium
861 2905 912 2968 vel
935 2905 1146 2988 plurimorum
1161 2926 1235 2970 con·

93 3042 190 3085 sensu
214 3020 288 3084 niti:
312 3025 349 3085 ut
371 3020 493 3084 factum
516 3024 566 3084 est
588 3044 616 3083 v.
631 3021 673 3084 48
689 3026 722 3083 et
735 3021 787 3083 40.
808 3021 849 3084 72
865 3041 932 3103 sqq.
947 3021 990 3083 92
1004 3042 1050 3103 sq.
1065 3020 1140 3101 368,
1158 3021 1236 3084 item

93 3137 214 3201 circum
238 3159 266 3201 v.
289 3136 364 3219 427,
387 3141 461 3220 post
484 3159 512 3201 v.
537 3136 610 3200 788.
635 3134 727 3210 Quod
751 3136 850 3199 sicubi
875 3136 985 3200 futuro
1009 3136 1137 3200 demum
1161 3158 1235 3201 con-

92 3273 190 3316 sensu
218 3252 276 3315 tali
305 3251 422 3315 confidi
445 3272 538 3335 posse
562 3251 734 3334 videretur,
761 3252 795 3314 in
818 3273 970 3334 praesens
994 3251 1143 3315 cancellis
1169 3249 1234 3338 [—]

92 3389 171 3431 usus
193 3390 278 3451 sum,
301 3371 338 3430 ut
361 3390 389 3430 v.
407 3367 482 3430 200.
505 3367 587 3430 200..
602 3368 676 3430 243.
700 3367 774 3431 203.
798 3368 871 3430 072.
895 3367 968 3430 810.
992 3368 1056 3431 930
1071 3390 1116 3451 sq.
1143 3368 1236 3432 1005.

93 3480 218 3547 Contra
239 3504 297 3566 per
319 3504 352 3546 se
376 3504 442 3546 non
465 3482 576 3566 inepta
599 3481 818 3546 additamenta
837 3484 886 3546 vel
910 3484 1024 3547 saltem
1046 3483 1237 3568 tolerabilia,

93 3597 150 3661 sed
173 3597 326 3663 Plautina
347 3602 457 3696 tamen
480 3600 599 3680 aetate,
622 3602 658 3661 ut
681 3598 784 3662 visum
807 3604 869 3682 est,
891 3599 1084 3682 posteriora,
1110 3599 1175 3663 sive
1199 3621 1238 3663 ea

93 3735 152 3796 per
178 3734 336 3778 novarum
363 3713 491 3777 fabulae
524 3713 688 3777 actionum
719 3714 903 3778 occasiones
936 3719 1139 3779 accesserunt
1171 3715 1237 3780 sive

93 3829 227 3913 ingenio
251 3828 388 3913 geniove
410 3829 608 3912 indulgentis
632 3829 765 3899 litterati
783 3828 924 3894 hominis
947 3831 1053 3894 studio
1071 3829 1237 3914 debentur,

95 3944 155 4022 rel,
173 3949 211 4008 ut
229 3965 294 4008 una
316 3944 449 4009 notione
473 3944 676 4028 complectar,
695 3946 897 4029 geminarum
919 3945 1142 4008 recessionum
1166 3967 1235 4028 spe-

94 4059 175 4122 ciem
203 4081 280 4143 prae
307 4082 342 4124 se
369 4060 507 4124 ferentia
534 4059 739 4123 semicirculis
767 4057 840 4145 (-)
868 4060 995 4123 inclusi:
1033 4059 1122 4122 ouius
1150 4059 1237 4123 modi

94 4174 195 4238 habes
219 4197 236 4239 e
259 4175 338 4239 satis
361 4175 495 4260 antiqua
518 4180 622 4240 aetate
645 4175 835 4258 repetendos
858 4174 985 4258 prologi
1013 4196 1123 4237 versus
1146 4175 1166 4238 0
1191 4197 1236 4258 sq.

95 4293 130 4353 et
154 4290 292 4376 18-21,
314 4291 393 4355 item
416 4314 444 4355 v.
460 4291 521 4356 707
538 4314 593 4375 sq,
615 4291 722 4355 variae
746 4294 853 4353 autem
876 4289 1011 4373 originis
1034 4311 1144 4353 versus
1166 4291 1236 4354 120.

94 4405 160 4469 200
176 4428 244 4489 sqq.
263 4406 329 4470 225
343 4429 389 4490 sq.
404 4407 467 4470 231
483 4429 528 4491 sq.
552 4407 614 4470 311
632 4429 677 4488 sq.
692 4406 756 4469 322
772 4428 817 4488 sq.
831 4406 897 4469 470
911 4427 956 4488 sq.
976 4406 1049 4468 702.
1070 4406 1154 4470 1043
1170 4426 1237 4490 sqq.

98 4521 184 4585 1052
208 4541 254 4605 sq.
287 4520 488 4606 Quamquam
519 4522 686 4586 fatendum
719 4527 767 4584 est
794 4543 860 4585 non
892 4524 960 4584 tam
992 4521 1087 4584 certis
1118 4522 1237 4586 finibus

92 4637 174 4701 haee
198 4657 318 4722 genera
340 4638 425 4702 inter
448 4660 481 4701 se
505 4637 642 4701 discreta
665 4659 743 4720 esso,
761 4638 839 4720 quin
862 4636 1055 4721 aliquotiens
1079 4639 1237 4721 potuerim

91 4754 144 4821 vel
178 4753 316 4817 fortasse
351 4753 515 4817 debuerim
552 4753 606 4817 alii
643 4752 850 4835 dispertiendi
886 4753 1083 4838 notandique
1120 4754 1238 4819 rationi
