2932 5452
240 338 281 402 16
738 335 870 390 1>me
1075 333 1128 402 12,
1145 338 1258 391 rs-rr.
1279 340 1385 389 rer-rs

239 492 355 565 Vtrum
379 521 440 585 ego
464 498 640 584 perplexim
664 500 821 564 lacessam
845 498 990 564 oritione
1014 497 1165 563 adhunc
1187 498 1337 580 modum,

239 607 338 683 Qussi
370 628 430 693 ego
461 629 638 692 numquam
672 604 845 691 quicquam
877 605 1068 671 adsimulem
1101 627 1140 670 ac
1176 604 1271 690 quisi
1309 603 1388 689 quid

327 754 335 769 ·
1036 708 1272 776 indaudiucrim

238 820 304 886 Eis
327 822 361 885 in
384 842 418 885 se
442 820 597 886 meruisse
620 794 774 905 culpan?
788 841 830 884 an
853 819 962 903 potius
985 821 1142 903 temptem
1165 818 1294 903 leniter,

239 928 341 1004 Quem
365 928 542 992 minaciter.
571 928 637 992 scio
661 927 747 992 liteis
770 927 853 990 lire:
878 946 938 1011 ego
962 947 1051 991 meas
1074 926 1154 991 noui
1176 928 1320 1011 iptnme.

240 1032 277 1098 Si
298 1056 425 1099 munere
447 1033 501 1098 hic
525 1034 735 1098 eise-malint
756 1032 865 1117 potius
889 1054 985 1117 quam
1009 1033 1074 1098 elio
1096 1033 1232 1117 mttere,
1353 1048 1390 1097 80

240 1140 384 1206 luciam.
412 1140 489 1226 quid
513 1139 592 1204 mihi
615 1144 712 1224 opust
735 1139 868 1205 decurso
893 1139 1009 1204 uetitis
1033 1138 1140 1224 spatio
1164 1143 1239 1204 crim
1261 1139 1346 1204 meis

240 1246 358 1312 Gerere
386 1247 521 1332 bellum,
549 1250 646 1333 quom
674 1247 736 1330 nil,
763 1245 973 1329 quamobrem
1001 1246 1034 1310 id
1064 1244 1197 1329 ficiam,
1229 1246 1391 1311 meruisse

1034 1353 1199 1419 sirbitror?

312 1572 353 1621 76.
375 1566 518 1621 Olmrisiue
533 1582 563 1634 p.
578 1569 644 1629 213,
658 1567 710 1619 26:
729 1563 922 1632 perplexim
941 1562 1058 1618 Plautus
1076 1564 1106 1619 in
1126 1565 1236 1620 Sticho:
1257 1564 1392 1621 ‘utrum

311 1646 518 1701 orationem’
611 1645 723 1698 Nonius
742 1660 773 1712 p.
793 1647 931 1711 515,1s:
954 1644 1145 1714 perplexim
1167 1661 1219 1717 pro
1244 1645 1390 1716 perplexe.

240 1726 356 1782 Plautus
375 1726 405 1779 in
424 1725 533 1781 Sticho:
553 1724 681 1779 ‘utrum
702 1765 751 1778 ...
770 1723 919 1778 modum’
994 1725 1074 1789 idon
1091 1726 1253 1781 oocobselum
1272 1742 1308 1780 ex
1325 1725 1352 1779 b.
1373 1726 1390 1778 1.

240 1808 372 1877 excerpsit
389 1808 468 1876 ploce.
489 1806 599 1860 Plorat:
617 1806 652 1871 cs.
672 1804 816 1859 Rilscltelii
836 1803 934 1874 Opilio.
953 1806 1004 1860 col.
1023 1805 1063 1857 ΙΙ
1074 1822 1104 1874 p.
1123 1810 1181 1861 269

232 2027 302 2076 'cum
321 2019 378 2074 illis
450 2018 603 2075 raciocinor
622 2017 710 2073 ODZ
782 2014 813 2070 V.
825 2020 933 2072 75-79
952 2018 1021 2073 delet
1040 2018 1164 2092 Gupcleo
1224 2017 1257 2073 V.
1277 2024 1389 2075 76-79

240 2103 305 2156 tales
324 2118 377 2156 esse
393 2101 481 2155 voluit
499 2099 650 2169 Lonpenus
663 2117 694 2167 p.
715 2101 782 2152 151.-
1292 2116 1298 2125 ·

346 2181 445 2235 Utrum
464 2196 517 2249 ego
535 2179 690 2248 perplexim
710 2178 847 2231 lacessam
866 2177 992 2233 oratione
1011 2178 1048 2234 od
1065 2180 1140 2235 hunc
1157 2180 1274 2235 modum

347 2261 433 2327 Quasi
451 2260 518 2330 quid
536 2258 741 2314 indaudiuerim
760 2275 808 2312 eas
827 2256 962 2313 meruisse
981 2259 1102 2329 culpem,
1120 2277 1157 2316 au
1175 2259 1280 2316 leniter

346 2340 442 2396 Potius
461 2342 610 2410 temptem:
629 2338 686 2393 scio
705 2355 758 2407 ego
777 2336 852 2392 liteis
870 2337 942 2392 iore:
962 2356 1039 2394 meas
1057 2340 1124 2395 noui
1143 2343 1268 2410 optume.

241 2432 285 2486 De
312 2431 410 2485 mdes
435 2431 557 2485 cersibro
583 2429 620 2495 cs.
643 2428 821 2498 Nicmeyerus
843 2428 876 2483 dc
900 2427 995 2484 Plorat.
1019 2431 1078 2496 sab.
1100 2446 1154 2485 rec.
1171 2431 1283 2501 duplici
1302 2448 1333 2500 p.
1352 2436 1385 2484 31

276 2535 316 2584 76.
337 2529 385 2582 Sic
402 2529 442 2593 A,
461 2529 519 2583 nisi
536 2528 608 2596 qood
625 2513 714 2595 moni]
774 2541 841 2594 ergo
866 2525 956 2579 GDZ
1025 2527 1199 2597 perplexim
1217 2527 1253 2581 Β.
1293 2526 1336 2594 Os.
1355 2528 1387 2581 de

238 2610 263 2662 h.
284 2625 307 2662 v.
326 2608 475 2677 Loopenus
493 2610 510 2663 l.
520 2624 541 2661 s.
551 2624 572 2661 s.
627 2607 777 2663 lassescam
796 2605 847 2659 D¹.
884 2605 1020 2660 lacessam
1038 2624 1073 2661 cc
1090 2606 1225 2662 lacessam
1245 2607 1271 2662 0
1327 2624 1386 2662 ora·

239 2689 343 2743 tionem
353 2690 386 2754 Z,
397 2688 549 2754 Charisius,
558 2688 648 2742 Nonii
662 2689 729 2742 libri
737 2685 856 2755 plorimi
907 2693 948 2740 77.
963 2699 1385 2752 osismuncusnomocusn·

238 2779 924 2836 nuncluspmonernsuounsmmumsuo1unmu
941 2768 970 2821 A
1078 2769 1163 2833 Quasi
1196 2786 1249 2838 ego
1277 2769 1384 2836 scripsi.

239 2847 323 2912 Quasi
342 2850 416 2914 libri,
436 2849 602 2903 Ritsclceliscs
688 2847 838 2914 quicquam
858 2847 1023 2901 adsimulem
1042 2849 1149 2918 scripsi.
1186 2849 1339 2917 quicquam
1357 2848 1385 2900 in

239 2946 285 2983 eas
314 2929 442 2983 simulem
465 2929 654 2994 (cassimulem
672 2927 713 2994 B)
736 2925 903 2981 BODFZ:
931 2934 956 2981 et
974 2929 1006 2982 in
1024 2929 1066 2995 A,
1085 2945 1145 2982 cum
1162 2945 1216 2997 quo
1233 2930 1306 2996 socii
1323 2927 1385 2981 Ro-

238 3009 366 3074 schelius,
388 3015 413 3062 ei
435 3011 466 3063 in
484 3009 512 3062 B
535 3026 641 3063 emerim
659 3009 816 3061 coniectura
833 3024 934 3062 sanare
951 3011 1095 3064 volcmeri
1114 3011 1226 3063 librarii
1232 3031 1240 3061 .·
1264 3011 1298 3064 de
1316 3009 1385 3063 adeo

238 3088 272 3153 cs.
288 3087 437 3157 Looperrus
455 3095 480 3144 et
493 3090 609 3143 Bromie
624 3088 730 3142 Obseru.
745 3103 857 3156 promen.
866 3106 896 3157 p.
907 3093 956 3142 41:
974 3091 1006 3144 dc
1024 3089 1053 3143 in
1072 3107 1118 3144 ess
1137 3090 1288 3159 Lonpenus
1306 3091 1324 3143 l.
1334 3106 1355 3143 s.
1365 3106 1385 3142 s.

280 3171 436 3237 asscripsi.
473 3186 509 3223 un
528 3187 588 3223 cuso
606 3169 634 3222 A
652 3167 830 3222 Ritsclrcliue:
848 3184 898 3222 om.
913 3167 1061 3223 BCDFZ
1132 3169 1211 3238 quasi
1229 3169 1302 3223 nihil
1322 3170 1386 3223 libri

235 3254 344 3316 practer
362 3251 390 3302 A
448 3248 652 3304 indaudiuerim
671 3248 786 3312 Porcus,
801 3249 878 3314 prob.
899 3248 1090 3305 Fleckeisenoe
1107 3250 1207 3305 Exere.
1223 3266 1255 3317 p.
1266 3254 1310 3305 44.
1346 3249 1386 3301 in-

238 3327 394 3382 audiuerim
408 3348 470 3385 cum
483 3332 510 3383 A
525 3330 707 3384 Camerarius.
740 3327 805 3381 inde
820 3329 976 3384 audiucrim
990 3329 1151 3397 BODFZ,
1171 3333 1233 3384 item
1247 3331 1307 3386 cod.
1323 3330 1386 3385 Sco·

237 3409 318 3476 liperi
373 3410 494 3466 Ceterum
507 3412 551 3465 llic
563 3426 656 3463 vereris
666 3416 805 3477 suspectus
818 3415 857 3463 est
911 3415 953 3466 78.
968 3411 1016 3463 Sic
1028 3411 1064 3475 A,
1077 3412 1134 3464 nisi
1146 3411 1219 3479 quod
1232 3423 1386 3478 moueat:

237 3495 262 3544 ct
276 3504 413 3558 numne
468 3492 528 3545 inse
547 3490 610 3543 BD
668 3490 818 3557 culpamsn
831 3491 925 3558 potius
939 3490 974 3544 B.
1011 3491 1137 3559 culpam:
1155 3489 1387 3559 posuerimus-

237 3572 288 3626 iue.
324 3572 444 3642 culpam,
460 3571 600 3642 acpotius
616 3570 764 3625 Acidaliae
818 3573 956 3639 temptem
970 3570 1058 3624 1301)
1071 3587 1132 3625 com
1141 3571 1177 3624 A.
1209 3571 1322 3625 tentem
1335 3569 1389 3624 ΒΖ

309 3653 409 3708 leuiter
433 3654 489 3706 01)
580 3657 622 3707 79.
645 3651 694 3705 Sic
715 3651 757 3716 A,
779 3651 837 3704 sisi
861 3652 935 3718 quod
959 3664 1173 3718 sunxuscmuu
1196 3650 1232 3703 ob
1255 3651 1341 3705 initio
1364 3656 1387 3703 et

238 3736 392 3799 murnsmel
406 3748 455 3787 ins
468 3734 509 3786 ccl
522 3734 588 3787 min.
594 3733 674 3801 prob.
685 3737 733 3797 us)
793 3729 883 3795 Quam
901 3732 1009 3799 scripsi.
1046 3733 1089 3784 An
1108 3732 1175 3784 libri
1187 3732 1287 3784 cumA
1345 3731 1388 3784 De

238 3813 384 3869 minaciter
402 3816 437 3882 cf.
457 3812 607 3882 Lcnpcmrs
626 3813 643 3866 l.
658 3829 679 3867 s.
693 3828 715 3865 s.
769 3809 828 3865 litis
847 3812 913 3865 libri
932 3816 1043 3880 practer
1060 3813 1087 3865 A
1137 3808 1204 3865 noui
1223 3815 1342 3880 optume
1361 3812 1388 3865 Β

237 3911 299 3947 cum
323 3896 358 3948 A.
395 3898 510 3962 optume
536 3891 604 3947 noui
626 3891 726 3960 reliqui
832 3896 876 3947 80.
904 3892 952 3945 Sic
974 3892 1015 3957 A,
1042 3891 1099 3944 orci
1120 3891 1194 3958 qaod
1216 3905 1340 3960 mennon
1365 3899 1388 3946 rt

238 3987 361 4039 munuum
434 3974 521 4028 ANT.
543 3979 636 4027 notam
655 3971 838 4040 praesumo
862 3970 971 4024 D²FZ
990 3969 1064 4035 (AM.
1083 3970 1120 4037 Z)
1208 3975 1254 4026 81.
1278 3971 1329 4026 Sic
1351 3975 1389 4037 A,

237 4053 294 4104 nisi
321 4055 393 4121 quod
421 4066 679 4121 sons‘ecrsnourc
706 4052 741 4104 ab
770 4052 852 4106 initio
875 4058 900 4106 sl
924 4065 1038 4119 cousus
1061 4052 1093 4105 in
1121 4051 1176 4117 fine
1268 4051 1391 4107 Facient

239 4132 393 4186 Acidaliae.
432 4134 494 4187 Non
514 4134 616 4188 faciem
635 4131 725 4186 1301)
744 4148 804 4185 cebir
823 4134 859 4184 A.
897 4131 959 4186 Non
978 4131 1085 4186 iaciant
1104 4131 1136 4183 Ζ.
1172 4128 1257 4197 Nunc
1281 4132 1414 4188 facient-

239 4209 274 4262 F.
313 4210 376 4263 Nou
394 4210 496 4265 focium
516 4215 569 4279 def.
588 4213 766 4283 Nimaeyerue
784 4211 801 4264 l.
821 4228 841 4265 e.
860 4229 881 4268 s.
974 4212 1058 4280 opust
1075 4211 1137 4263 DZ
1161 4226 1223 4264 oum
1241 4212 1278 4266 A.
1318 4230 1416 4284 opus}

239 4292 265 4343 st
283 4291 345 4345 Bc.
384 4308 453 4359 opus
473 4295 514 4345 est
537 4293 567 4346 Β
637 4295 750 4348 deturso
775 4292 803 4345 B
876 4289 1002 4363 ptatisG
1072 4288 1167 4359 spacio
1192 4289 1249 4343 01)
1324 4310 1415 4347 ounn

239 4370 308 4423 meis
332 4370 474 4423 comanus
498 4389 527 4438 p.
553 4377 594 4425 64.
638 4374 760 4426 cumeis
780 4373 926 4426 libricum
945 4374 971 4425 A
1053 4376 1096 4424 82.
1124 4384 1431 4436 ouuffluuumuu‘

238 4464 1067 4520 Quinummoocirciusumleunculumpunieansnmnpou
1085 4452 1112 4504 A
1198 4452 1298 4523 quom]
1325 4465 1429 4508 curn
1445 4480 1456 4490 ι
