2932 5452
241 348 342 403 Xllllll
710 346 917 403 PRAEFATIO

238 530 344 593 locum
368 529 451 593 darc.
471 528 570 592 Velut
592 549 679 592 nunc
701 549 753 592 me
776 527 854 591 facti
877 528 1030 612 paenitet,
1052 528 1138 611 quod
1162 550 1230 595 non
1254 552 1381 616 prorsus
1442 556 1458 596 a

238 644 447 708 exterminavi
471 666 499 708 v.
522 644 596 708 209.
620 643 694 707 249.
716 645 795 727 263,
819 644 868 707 vel
891 641 977 726 quod
1004 664 1073 708 non
1099 645 1254 710 cancellis
1281 647 1384 733 scepei
1431 648 1458 713 i

239 782 267 822 v.
298 760 365 824 470
396 781 443 843 sq.
475 759 597 823 Verum
633 759 672 824 dc
708 758 760 822 his
797 759 947 824 omnibus
983 759 1136 843 quoniam
1173 782 1242 826 non
1279 766 1385 847 potest
1425 784 1458 829 :r

238 874 377 939 breviter
405 875 480 957 dici,
508 874 698 958 singillatim
725 878 759 937 et
786 874 942 957 explicate
965 874 1044 939 alibi
1072 877 1200 960 agetur:
1228 873 1278 963 (id
1301 877 1385 962 quod
1425 880 1458 944 l

238 990 336 1054 etiam
368 989 407 1056 de
438 990 815 1073 transpositionibus
847 989 969 1055 dictum
1000 982 1099 1076 uolo).
1132 989 1246 1057 Vnum
1277 997 1386 1059 temen
1419 1019 1458 1061 ι

238 1104 389 1188 quiddam
418 1127 434 1169 e
462 1106 572 1169 futura
599 1105 818 1189 disputatione
844 1104 898 1170 hic
925 1105 1099 1192 occupabo.
1128 1105 1176 1171 Vt
1201 1107 1292 1172 enim
1318 1108 1386 1174 dies
1415 1134 1458 1176 ε

238 1218 321 1283 diem
344 1219 449 1304 docet,
470 1221 516 1285 ita
539 1221 573 1284 in
595 1219 658 1285 hoc
681 1242 808 1304 quoquc
832 1241 949 1306 genere
972 1220 1038 1286 iam
1059 1221 1258 1288 intellexisse
1276 1223 1387 1289 videor
1407 1248 1458 1291 τ

237 1335 334 1398 etiam
357 1335 487 1421 longius
510 1336 781 1420 progrediendum
803 1335 912 1400 fuisse.
934 1334 1006 1400 Nisi
1025 1336 1111 1400 enim
1129 1338 1242 1403 omnia
1258 1338 1386 1425 fallunt,
1404 1394 1458 1417 .-

238 1447 378 1514 Oalliclis
401 1472 512 1515 versus
534 1451 592 1536 illi,
613 1452 668 1535 qui
691 1456 810 1517 sunta
833 1453 876 1517 83
899 1450 941 1516 ad
964 1452 1017 1536 87,
1034 1451 1076 1516 ab
1093 1451 1165 1536 ipso
1183 1457 1285 1537 poete
1306 1454 1447 1519 tales-r

236 1565 373 1648 profecti
397 1570 474 1630 sunt
496 1566 607 1650 quales
630 1566 717 1632 infra
734 1567 828 1652 posui
846 1567 968 1652 insigni
986 1567 1206 1632 concinnitate
1224 1590 1390 1634 commen-

237 1679 361 1745 dabiles
384 1682 567 1766 nulliusque
590 1683 814 1769 explicationis
837 1682 1033 1768 indigentes:

369 1795 455 1862 Nam
477 1819 565 1862 nunc
588 1819 649 1883 ego
673 1799 700 1863 si
723 1802 756 1864 tc
779 1797 982 1882 surrupuisse
1005 1797 1149 1882 suspicer

370 1911 441 1977 Ioui
465 1935 618 1978 coronam
642 1913 681 1979 de
705 1913 810 1998 capite
833 1935 872 1978 ex
894 1911 1069 1998 Capitolio,

370 2026 432 2104 Qui
455 2032 490 2093 tu
513 2028 546 2092 id
568 2028 739 2113 prohibere
760 2050 812 2094 me
835 2032 992 2112 potesne
1015 2027 1181 2112 suspicer?

237 2143 478 2227 ludibundaquc
506 2144 634 2209 demum
661 2145 846 2228 interpretis
874 2166 972 2209 manu
999 2143 1125 2233 duobus
1151 2143 1302 2209 versibus
1332 2143 1380 2209 sd·

221 2248 328 2323 ‘iactis

371 2373 433 2450 Qui
455 2375 490 2438 in
513 2375 673 2441 columine
697 2379 784 2440 astet
807 2396 945 2440 summo:
969 2376 996 2439 si
1019 2373 1052 2438 id
1074 2395 1142 2439 non
1165 2374 1297 2459 feceris,

368 2490 477 2575 Atque
499 2491 532 2555 id
554 2496 665 2556 tamen
687 2490 767 2556 milri
789 2491 900 2556 lubeat
923 2489 1124 2574 suspicaricr:

370 2606 432 2683 Qui
454 2610 490 2671 tu
513 2607 545 2671 id
569 2629 592 2670 e.
614 2628 642 2688 q.
664 2628 689 2672 s.

235 2722 270 2786 in
303 2744 373 2786 eam
406 2744 488 2806 quae
520 2744 607 2787 nunc
638 2722 776 2787 habetur
808 2723 947 2806 speciem
979 2723 1156 2786 creverunt.
1187 2717 1233 2784 Ni
1266 2718 1384 2785 mirum

236 2837 344 2901 dedita
377 2860 475 2921 opera
503 2838 642 2903 Romani
675 2838 829 2903 edocendi
858 2838 1003 2921 fuerunt,
1033 2859 1096 2920 quo
1124 2836 1158 2898 in
1187 2836 1261 2901 locc
1289 2833 1384 2920 Capi·

236 2952 306 3017 tolii
339 2954 388 3016 sui
425 2957 532 3017 statua
563 2955 620 3017 illa
656 2952 742 3018 Iovis
775 2953 1021 3037 conspiceretur.
1058 2949 1209 3016 Ceterum
1242 2972 1319 3015 cum
1351 2952 1385 3015 in

236 3068 326 3131 libris
354 3068 508 3151 scriptum
536 3070 579 3132 sit
606 3069 695 3149 Quod
719 3070 755 3133 ic
782 3070 931 3133 coliculus
959 3065 1024 3153 (vel
1055 3064 1202 3151 alaim)
1235 3072 1323 3131 astat
1352 3072 1386 3130 et

235 3184 377 3248 numeris
396 3187 429 3247 et
448 3185 608 3248 sententia
626 3185 879 3268 refragantibus:
903 3184 1035 3248 omniuo
1053 3182 1197 3273 notabile
1212 3187 1272 3267 est,
1287 3205 1385 3267 quam

236 3322 331 3384 saepe
359 3300 515 3384 singulari
543 3300 651 3384 aliqua
682 3300 828 3365 codicum
855 3299 1010 3365 memoria
1037 3298 1086 3362 vel
1109 3298 1322 3381 quantumvis
1345 3299 1385 3364 ad

235 3416 373 3499 speciem
396 3415 458 3479 levi
482 3416 698 3500 discrepantia
720 3415 961 3500 interpolatoris
984 3435 1098 3478 manus
1121 3412 1296 3497 prodatur,
1319 3415 1386 3478 sive

234 3531 365 3596 insiticii
393 3532 604 3596 additamenti
632 3531 751 3596 indicio
779 3530 934 3596 accedens
962 3530 1003 3593 cd
1031 3528 1211 3594 sententiae
1240 3529 1386 3594 indolem

235 3648 445 3730 grammatica
472 3648 521 3711 vel
551 3647 683 3710 metrica
712 3647 846 3711 offensio
873 3650 924 3710 est
951 3646 1017 3709 sive
1044 3643 1205 3707 fluctuans
1234 3644 1270 3708 in
1294 3646 1386 3709 libris

234 3763 427 3827 conlocatio:
456 3763 546 3826 cuius
574 3764 618 3826 rei
647 3763 787 3845 plurima
814 3784 914 3846 eaque
947 3783 984 3824 ex
1017 3764 1108 3845 parte
1140 3758 1387 3825 evidentissima

234 3878 425 3943 documenta
455 3876 498 3961 (v.
522 3900 547 3941 c.
574 3901 603 3941 v.
627 3875 706 3963 208)
735 3878 829 3941 facile
856 3877 977 3961 poterit
1004 3876 1058 3959 qui
1091 3875 1178 3939 volet
1206 3897 1246 3938 ex
1279 3898 1386 3941 exem·

235 3994 361 4075 plorum
385 4016 482 4077 supra
507 3994 685 4077 positorum
710 3994 864 4057 varietate
887 3992 1083 4075 conquirere.
1114 4012 1118 4019 ·
