2932 5452
240 353 284 416 42
751 349 883 406 easvu
1218 351 1245 406 11
1262 358 1393 420 iste-le

241 515 329 592 Quae
352 513 471 579 misere
494 515 529 578 in
553 513 826 598 exspectetioneat
847 493 1024 599 E'lpignomi
1047 514 1224 579 aduentum
1247 515 1325 580 uiri:

237 621 375 686 Proinde
403 624 440 686 st
468 621 571 705 decet,
598 621 705 686 uirum
728 622 816 685 amitt
839 642 947 705 suom,
971 621 1085 706 cupide
1113 623 1245 706 expetit.
1291 645 1391 709 nuno,

992 796 1015 821 θ,
1036 725 1218 812 Pinacium,

240 835 312 921 Age
326 839 363 900 ut
376 836 492 920 placet,
507 856 597 900 curre
611 835 764 900 titubet:
783 857 861 901 caue
877 837 1070 921 que‘mquam
1083 836 1176 902 flocci
1184 836 1318 904 feceris:
1338 856 1392 905 285

242 941 368 1008 Cubitis
393 942 526 1026 depulsa
549 942 588 1007 de
610 944 677 1026 uis,
700 939 1092 1027 tranqmilam-ooncinmi
1115 943 1210 1009 uiam

240 1048 274 1114 Si
297 1052 353 1113 rex
376 1050 522 1115 obstabit
544 1050 688 1133 dbuiam,
711 1070 821 1135 regem
845 1047 953 1133 ipsum
975 1049 1064 1134 prius
1087 1051 1279 1134 perudrtito.

731 1169 884 1226 Gemma

329 1260 490 1338 Quidnam
513 1263 619 1328 dicam
640 1261 809 1328 Pinacium
1320 1273 1391 1332 288⁸

240 1436 480 1485 unnonuunuum
498 1429 526 1484 A
597 1428 705 1503 Ereque
725 1428 755 1484 0.
792 1428 919 1497 Ereeque
937 1431 963 1491 (r
980 1445 1015 1483 en
1032 1446 1052 1499 g
1068 1430 1141 1486 iuter
1158 1432 1239 1486 scrib.
1257 1436 1344 1501 corr.)
1358 1432 1389 1486 D

312 1511 407 1580 egenti
426 1512 459 1567 Z.
496 1511 575 1581 genti
597 1509 686 1564 BOD
708 1526 769 1564 cum
787 1508 823 1564 A.
864 1508 985 1564 merenti
1008 1508 1050 1576 F,
1078 1510 1154 1565 codd.
1178 1508 1317 1565 Lambini

239 1591 370 1662 eubuoni]
395 1590 513 1645 subueni
531 1591 602 1644 bene
616 1590 692 1644 fucta
710 1587 847 1643 malornm
866 1592 947 1643 tunm
965 1589 992 1642 B
1011 1606 1073 1644 cum
1090 1589 1127 1645 A.
1164 1588 1286 1644 subueni
1304 1591 1394 1646 bene-

239 1670 317 1725 fecta
334 1670 471 1725 maiorum
489 1672 601 1724 tuorum
622 1668 720 1724 ODF.
757 1667 883 1723 subueni.
902 1669 1051 1725 benefacta
1068 1667 1206 1724 maiorum
1226 1671 1343 1725 tuorum
1358 1688 1392 1726 ex

239 1766 312 1819 auge
333 1751 370 1817 Z,
390 1767 403 1805 e
420 1767 444 1804 v.
461 1754 515 1804 303
533 1754 564 1803 ut
583 1755 699 1818 apparet
717 1752 803 1804 ascito
822 1767 937 1820 exsuge.
976 1749 1093 1805 ‘Sedes
1110 1765 1140 1804 co
1158 1749 1216 1804 loco
1235 1755 1324 1805 mum
1339 1769 1390 1821 pc-

241 1833 297 1884 te'us
315 1831 512 1885 hemistichium
530 1831 643 1898 irrepsit
660 1836 686 1885 et
703 1831 757 1884 tole
775 1831 907 1899 quiddam
922 1830 1031 1899 pepulit
1048 1829 1128 1897 quale
1145 1828 1196 1883 boc
1213 1835 1266 1884 est:

377 1909 504 1978 Eratque
523 1911 618 1979 egenti
637 1909 764 1977 subiani,
784 1910 952 1981 [benefactis
971 1909 1070 1965 adiuta
1088 1926 1150 1965 eam
1168 1909 1248 1983 tuis}

242 1989 355 2045 Serocto
373 2007 399 2043 u.
417 1995 484 2047 280.
503 1995 560 2045 281
580 1992 676 2045 ordine
693 1991 734 2044 sic
751 1992 922 2059 tramposuit
943 1989 1066 2061 &uetus
1083 1990 1152 2044 duce
1170 1990 1319 2047 Acidalio:

373 2067 528 2122 Benofecte
546 2069 683 2123 maiorum
701 2073 814 2124 tuorum
833 2086 948 2139 exsuge,
966 2070 1105 2139 heraeque
1123 2069 1252 2127 snbu'eni’

239 2147 406 2202 Bitsclielius
483 2147 572 2202 Verba
590 2148 774 2218 benefactis(
790 2152 796 2163 ‘
805 2153 821 2218 )
840 2150 978 2205 maiorum
996 2153 1076 2204 tunm
1089 2151 1152 2218 (sic)
1175 2152 1390 2218 septifluum

234 2247 264 2298 p.
275 2233 313 2283 67
366 2229 410 2282 De
428 2229 564 2283 trochaico
582 2245 661 2284 uersu
680 2232 782 2300 sopitat
792 2231 945 2285 Muellerus
961 2230 1039 2285 Pros.
1055 2229 1100 2284 Pl.
1113 2247 1141 2298 p.
1152 2235 1223 2285 180.-
1241 2233 1285 2286 ml
1303 2234 1387 2288 imter-

239 2310 336 2365 cidisse
354 2311 462 2364 videtur
479 2316 540 2378 post
558 2310 677 2364 subneni
695 2309 837 2379 Speupelio
856 2309 1138 2379 Resormoorsclilcepe
1151 2328 1182 2380 p.
1196 2315 1253 2365 416
1328 2319 1388 2368 283.

238 2392 286 2444 Sic
310 2390 350 2456 A,
374 2392 430 2443 misi
451 2391 524 2459 quod
547 2403 665 2458 Missus
762 2391 821 2463 Que
846 2389 869 2444 0
957 2387 1060 2443 misera
1081 2390 1112 2443 in
1134 2389 1305 2447 Bilsctelius
1328 2411 1389 2448 cum

240 2471 276 2523 A.
314 2470 416 2525 misera
430 2471 496 2524 libri
506 2476 616 2538 praeter
629 2471 657 2524 A
726 2468 934 2539 exspectatione
952 2468 1237 2538 (expectationsBO)
1255 2473 1302 2525 est
1320 2473 1386 2528 utri

238 2567 298 2604 cum
322 2550 348 2603 A
456 2549 608 2603 aduentum
627 2549 655 2602 B
674 2566 734 2603 cum
753 2550 787 2604 A.
831 2548 956 2603 aduentu
981 2549 1096 2618 reliqui.-
1120 2549 1258 2605 aduentus
1276 2555 1320 2608 oel
1338 2554 1385 2607 ad·

238 2629 317 2685 uenti
349 2631 446 2684 Dorso
478 2630 563 2699 Ecpl.
598 2629 648 2682 IV
676 2635 718 2683 17.
761 2629 898 2683 aduentus
930 2628 1104 2684 Ritscbelius.
1146 2631 1188 2697 Of.
1222 2632 1386 2702 Speupelius

238 2713 255 2765 l.
274 2726 295 2764 s.
315 2727 334 2763 s.
352 2728 380 2778 p.
401 2715 455 2763 416
536 2710 658 2764 ‘Bonum
684 2710 869 2778 septenarium
897 2710 1064 2764 trochaicum
1091 2711 1217 2777 efficiunt
1234 2729 1306 2780 quae
1325 2715 1383 2767 oul-

237 2795 354 2860 9autur:
378 2789 455 2854 Quae
479 2788 581 2844 misera
608 2789 817 2858 exspectatione
841 2792 884 2843 est
902 2788 1053 2858 Epignomi
1076 2789 1214 2844 aduentus
1233 2791 1306 2844 uiri’
1323 2793 1384 2846 Rit-

237 2871 351 2925 scbelius
416 2868 456 2934 Of.
473 2869 623 2924 Muellerus
640 2871 717 2924 Pros.
734 2872 779 2924 Pl.
791 2875 884 2939 p.315
957 2869 987 2922 in
1006 2871 1217 2938 exspectatione
1236 2870 1387 2942 Epignomi

239 2949 376 3002 aduentus
395 2947 475 3002 uiriet
489 2939 678 3004 Heckciscuus
741 2957 802 3004 284.
822 2951 870 3004 Sic
884 2951 921 3017 A,
935 2951 992 3003 uisi
1009 2951 1081 3018 quod
1099 2964 1232 3016 euoenon
1248 2957 1273 3004 rt
1288 2966 1387 3005 Amen·

239 3043 424 3083 mensuum
477 3028 532 3081 Pro
551 3028 616 3085 inde
635 3031 662 3082 B
724 3030 816 3084 uirum
835 3032 912 3083 amat
931 3046 1011 3083 snum
1030 3029 1160 3098 Gupetus.
1198 3031 1277 3084 amet
1296 3032 1387 3085 uirum

239 3125 319 3162 suum
339 3109 404 3162 libri
423 3125 483 3161 cum
502 3110 537 3161 A.
576 3126 654 3164 suom
674 3113 752 3164 amat
770 3111 860 3163 uirum
886 3110 1038 3164 Muellerus
1057 3108 1171 3163 Nacttr.
1190 3117 1253 3178 μθ
1311 3116 1387 3166 amat

239 3190 307 3242 delet
321 3188 457 3256 Berplcius
471 3189 553 3241 Βίαν.
569 3191 674 3258 antiqu.
689 3193 760 3246 stud.
776 3196 886 3246 α.1855
902 3207 931 3259 p.
944 3194 1001 3244 290
1055 3188 1154 3258 cupide
1174 3192 1291 3259 expetit
1313 3210 1386 3246 nunc

240 3267 384 3321 Pinacium
398 3285 431 3320 cx
446 3269 472 3320 A
488 3267 666 3336 llitscbelius,
680 3273 738 3324 uisi
751 3272 823 3339 quod
837 3273 866 3324 et
878 3271 1037 3338 proeteriit-it.
1076 3268 1183 3338 cupido.
1204 3288 1279 3325 nunc
1294 3273 1388 3342 expidi

241 3345 308 3416 pius
328 3345 383 3400 cui'
405 3348 438 3400 B.
477 3349 586 3417 cupide.
606 3367 679 3403 nunc
694 3351 793 3420 expedi
809 3351 949 3420 pinscium
968 3350 1075 3419 reliqui.
1112 3347 1261 3403 Dinacium
1276 3353 1390 3419 primm

239 3427 394 3481 iteraremus
463 3433 522 3483 285.
543 3429 591 3483 Sic
609 3431 646 3495 A,
665 3433 722 3484 misi
739 3432 813 3499 quod
828 3445 868 3497 uu
883 3436 907 3484 et
921 3443 1002 3496 anun
1018 3435 1042 3483 ct
1055 3443 1164 3496 eunom
1231 3447 1314 3485 curre
1330 3432 1391 3485 ΓΖ

238 3525 300 3562 cum
313 3507 348 3562 A.
386 3525 495 3562 currere
512 3509 603 3562 BCD
657 3511 779 3580 conequi
799 3527 884 3580 quam
898 3510 928 3563 D
981 3507 1206 3573 floccifecerisG
1258 3516 1323 3567 286.
1341 3511 1391 3565 Sic

239 3593 275 3654 A,
293 3590 350 3643 uisi
369 3590 441 3658 quod
460 3603 580 3655 oomnis
599 3595 623 3643 et
642 3605 723 3657 uisu
796 3591 880 3644 deuia
898 3589 986 3643 BCD
1049 3589 1214 3643 bcinnauiu
1232 3591 1260 3643 Β
1327 3597 1390 3647 287.

239 3672 286 3724 Sic
300 3671 337 3735 A,
356 3672 413 3724 misi
429 3672 501 3739 quod
515 3672 607 3734 onrucl
620 3676 1083 3740 1³)enr1unonumuuuonnmeuu
1096 3676 1121 3724 et
1135 3684 1331 3736 eunoonnmo

239 3749 363 3803 obstabit
386 3750 499 3804 obuiam
518 3750 630 3804 lum.
668 3749 824 3804 obstabitor
845 3748 976 3814 (stabitor
1000 3751 1032 3803 iu
1055 3767 1109 3804 ros.
1130 3750 1164 3817 0)
1186 3750 1264 3805 uiam
1285 3752 1391 3807 BOD¹

316 3828 347 3884 V.
366 3834 483 3884 essert
502 3826 574 3885 288¹>
597 3832 638 3884 itu
660 3831 817 3884 discribuut
836 3830 909 3882 AB:
931 3847 1014 3899 quam
1036 3831 1241 3897 discriptionem
1265 3833 1393 3898 defendit

238 3910 416 3964 Hermcuuue
435 3910 521 3964 Elem.
529 3927 558 3978 p.
570 3915 630 3964 184.
673 3910 733 3964 Uuo
751 3925 830 3964 uersu
848 3911 1047 3978 correprelseudit
1061 3927 1121 3964 cum
1135 3911 1249 3979 reliquis
1263 3911 1393 3967 Ritscte·

237 3989 291 4042 lius
309 3992 348 4042 sic
366 3991 502 4044 scriberis:

384 4071 521 4133 Quidnam
541 4069 634 4123 dicam
653 4069 798 4123 Pinacium
816 4071 876 4122 tem
894 4069 1077 4124 lixabundum
1096 4073 1224 4126 currere?

243 4147 299 4199 tum
322 4147 449 4201 lubenter
468 4167 522 4217 pro
544 4151 699 4218 plossemute
722 4151 819 4203 lambuit
842 4150 973 4215 Botbius,
996 4149 1125 4204 lubenter
1147 4152 1320 4209 Ritsctelius
1343 4158 1394 4224 qui

239 4225 422 4279 lixabundum
447 4230 491 4296 (cf.
512 4231 637 4284 Locutus
656 4231 739 4283 Amal.
762 4229 807 4282 Pl.
823 4246 853 4298 p.
875 4235 941 4287 176)
959 4231 1098 4300 Scalipero
1116 4232 1200 4288 debet.
1239 4235 1325 4290 Idem
1342 4239 1394 4290 ced-

240 4310 317 4358 motot
339 4307 388 4359 viu
411 4309 520 4373 defemdi
542 4326 619 4376 posse
642 4327 747 4364 uersum
765 4311 814 4364 doc
832 4312 950 4378 exemplo
969 4312 1182 4376 conformatum:

165 4379 169 4387 '
373 4388 511 4452 Quidnnm
531 4390 589 4442 tam
609 4389 700 4443 dicam
718 4389 862 4443 Pinacium
881 4389 1104 4444 lasciuibundum
1123 4400 1253 4447 currere?

311 4472 391 4519 288⁰.
411 4481 708 4536 Quluunnmunciuu
728 4470 755 4523 A
819 4469 959 4525 dinaoium
978 4471 1043 4526 libri
1056 4477 1169 4540 praeter
1182 4472 1244 4526 AB
