2932 5452
67 679 95 736 11
115 687 141 751 s,
159 686 265 737 n-ss
499 685 767 745 nsvcvumuvs

65 842 170 910 Fuere
193 845 321 934 ambae3
346 868 458 913 uerum
480 849 621 933 patriam
645 872 705 936 ego
730 851 833 917 excidi
856 875 961 919 manu.

65 950 100 1015 Is
124 955 157 1016 16
181 952 292 1035 dono].

552 1081 726 1136 Pmonsssvu

323 1168 515 1236 Pae‘nitelne
538 1174 571 1237 te‘
595 1177 675 1258 quot
698 1175 835 1239 ancillis
855 1176 958 1261 alam,

66 1271 172 1351 Quinc
196 1276 294 1340 etiam
317 1276 450 1361 insuper
473 1278 622 1362 deducas,
646 1282 727 1365 quei
750 1282 830 1346 mihi
855 1281 1017 1349 comedint
1040 1285 1170 1387 cibum?

536 1400 739 1457 Suasuonnsnas

36 1487 139 1554 ‚Huc
167 1490 296 1574 quidem
326 1491 354 1556 si
376 1491 486 1557 hercle
514 1493 713 1577 ingritumst
741 1494 874 1581 donum,
906 1497 985 1562 ee‘do
1012 1499 1070 1582 mi,
1099 1520 1212 1584 puers,

862 1605 1018 1688 pirulam.
1158 1621 1209 1670 535

137 1798 196 1848 533.
216 1792 345 1847 Donatus
359 1794 397 1848 acl
418 1793 537 1848 Terentii
556 1792 632 1848 Eua.
658 1794 690 1861 V,
710 1801 736 1860 6,
756 1801 793 1851 12
818 1797 874 1863 (An
892 1796 1055 1866 paenitebat
1072 1797 1163 1867 flagiti
1181 1799 1210 1853 16

63 1875 179 1928 auctore
198 1873 274 1943 quod
291 1871 404 1928 fecisset
422 1874 606 1939 Adulescens,
633 1872 661 1926 ni
680 1875 814 1929 miserum
833 1877 946 1946 insuper
965 1875 1051 1932 etiam
1074 1876 1148 1947 patri
1171 1877 1210 1931 in-

63 1952 173 2008 dicares
181 1957 219 2022 1).·
237 1971 274 2008 an
293 1952 458 2024 paenitebat
472 1952 585 2023 flagitii}
607 1971 705 2022 parum
721 1954 876 2013 uidebatur.
905 1957 964 2026 ipse
980 1957 1068 2013 alibi.
1086 1999 1113 2012 ..
1129 1957 1209 2012 Plau·

62 2036 109 2089 tus
128 2032 159 2088 in
177 2033 344 2088 Truculento
366 2034 583 2103 ‘paenitetne
602 2077 608 2088 .
625 2077 653 2089 ..
673 2034 795 2088 solam’

223 2230 338 2285 adduce
356 2231 410 2286 hoc
429 2233 460 2285 16
478 2230 559 2285 istas:
579 2229 627 2283 sed
647 2229 761 2299 reginae
781 2229 857 2284 domi
877 2248 942 2285 suae

223 2310 311 2365 Fuere
331 2311 442 2366 ambae:
462 2327 559 2365 uerum
578 2308 699 2378 puniam
718 2327 771 2379 ego
792 2311 883 2366 excidi
902 2329 994 2369 manu.

62 2390 123 2461 aad]
147 2398 191 2446 em
214 2391 363 2462 Seyffertus
384 2393 416 2446 iu
441 2391 532 2445 ‘Sturl
554 2390 663 2444 Plaut’
681 2408 710 2458 p.
730 2396 770 2447 22
880 2391 977 2466 reginp
999 2393 1123 2448 CDLZ.
1155 2393 1209 2450 iste

61 2471 158 2541 regine
176 2473 203 2526 B
285 2488 334 2544 sue
355 2470 410 2525 OD
437 2471 575 2543 (damiane
596 2472 638 2539 0).
664 2470 719 2525 Sue
737 2472 774 2536 B,
793 2488 907 2541 quocum
926 2472 997 2528 Suae
1016 2475 1096 2543 culpo
1115 2476 1152 2529 ad
1170 2492 1208 2530 se·

61 2556 184 2620 queniam
202 2569 307 2606 vasam
326 2554 441 2606 trahunt
513 2557 572 2606 532.
592 2550 705 2604 fuerunt
718 2551 837 2605 Bellias
909 2553 992 2606 ambe
1007 2554 1072 2606 BL.
1101 2552 1208 2610 Ambae

63 2629 92 2686 0.
120 2629 211 2703 Ambe
231 2631 260 2685 D
331 2649 428 2686 uerum
446 2649 542 2686 earum
561 2630 710 2700 Seyffertus
727 2631 758 2683 iu
780 2631 882 2689 Pliilcl.
902 2639 920 2687 t.
937 2633 1050 2685 XXIX
1066 2636 1104 2697 (a.
1123 2642 1210 2705 1070)

61 2727 123 2764 eum
142 2711 437 2780 116611661666.
458 2717 513 2765 000
635 2710 734 2765 ascida
752 2713 787 2767 B.
816 2712 922 2767 exse-idi
941 2713 1093 2767 Lambinus
1115 2718 1155 2782 (ut
1173 2718 1207 2783 es.

62 2792 256 2848 Fleckeiseuus
274 2794 290 2846 l.
310 2810 331 2846 s.
350 2808 370 2846 a.
387 2810 416 2860 p.
436 2794 509 2855 813).
544 2790 646 2846 exscidi
664 2791 719 2845 hac
741 2793 793 2857 (ael
811 2796 884 2861 mea)
903 2793 1054 2861 Seyffutus
1147 2803 1207 2851 533.

61 2874 118 2927 1616
137 2872 172 2926 B.
201 2871 255 2925 iste
275 2872 338 2928 OD.
367 2871 411 2925 his
431 2874 459 2924 te
480 2872 512 2925 Z.
531 2887 582 2924 oui.
602 2871 628 2923 L
726 2872 834 2940 penitet
852 2877 916 2927 nete
935 2873 970 2926 B.
998 2873 1142 2942 penitetne
1162 2877 1207 2941 (ne

60 2971 159 3010 ame
178 2956 258 3018 corr.)
283 2952 322 3006 Te
343 2951 371 3006 0.
405 2953 515 3021 penitet
538 2969 572 3006 ne
591 2951 629 3004 'l'e
649 2950 715 3004 DL.
749 2952 912 3020 poenitetue
933 2954 958 3005 Z
1065 2955 1208 3022 666106-

62 3031 954 3100 11616166161666616.26453.66661016166661166616
1009 3033 1127 3088 ancillas
1147 3035 1208 3089 olas
1295 3030 1302 3089 .'

62 3113 134 3180 (olas
159 3118 228 3167 recte
253 3128 302 3166 om.
331 3112 451 3167 Brisius
477 3112 514 3166 ad
542 3112 619 3165 Tria.
644 3128 669 3164 u.
689 3114 742 3164 321
770 3118 795 3166 et
816 3118 880 3182 post
906 3130 965 3168 eum
991 3113 1153 3184 Speupelius
1177 3116 1208 3170 iu

63 3195 109 3248 ‘T.
131 3194 174 3247 M.
197 3192 254 3247 Pl'
276 3209 305 3260 p.
325 3197 374 3255 20)
398 3193 471 3245 clam
492 3192 655 3245 Gulielmius
675 3190 798 3248 Verisim.
818 3193 870 3259 II,
889 3199 907 3248 3
927 3212 956 3263 p.
976 3198 1032 3248 201
1058 3196 1209 3250 Phrenesis

60 3274 221 3340 vindicans,
245 3289 315 3340 quae
333 3277 415 3326 autea
442 3274 526 3327 militi
549 3273 754 3326 continuarunt.
788 3274 891 3328 ancilla
917 3274 985 3328 siam
1009 3275 1045 3328 B.
1078 3275 1209 3330 ancillast

59 3352 118 3408 iam
130 3353 193 3408 01).
212 3352 315 3425 ancille
329 3355 399 3407 sunt.
421 3353 494 3408 Pnn.
509 3353 567 3405 lam
580 3353 611 3406 Ζ,
636 3350 736 3405 ancille
755 3351 788 3406 L.
817 3354 950 3409 ancillam
969 3355 1058 3409 solam
1078 3357 1209 3411 Donatus

133 3439 194 3488 534.
213 3430 302 3497 Quina
326 3432 411 3486 etiam
433 3433 547 3500 insuper
570 3431 690 3485 deducus
710 3430 750 3485 11.
784 3431 856 3497 Quin
876 3435 955 3503 (quin
976 3434 1041 3503 CD)
1061 3434 1208 3503 61160161

59 3514 95 3567 B.
125 3514 148 3567 16
167 3513 273 3580 16610)
292 3529 355 3566 men
375 3529 457 3580 super
467 3510 573 3581 (squ)
592 3511 713 3564 adducas
727 3512 822 3567 BGD.
844 3512 915 3578 Quin
935 3513 1020 3569 etiam
1039 3514 1206 3582 superaddu-

60 3594 101 3648 cie
120 3593 155 3647 L.
190 3591 262 3656 Quin
286 3591 370 3646 etiam
397 3591 566 3661 superduces
587 3591 619 3643 Ζ.
653 3588 725 3653 Quin
749 3592 870 3648 etiamne
894 3595 992 3662 (etiam
1011 3613 1084 3649 nunc
1103 3595 1206 3649 Guliel-

58 3675 139 3728 mius.
175 3672 228 3737 Qui
253 3689 326 3726 nune
350 3672 437 3726 eliam
455 3671 581 3724 Botlsius.
615 3667 668 3732 Qui
694 3670 763 3724 mihi
788 3672 874 3726 etiam
896 3675 1044 3743 Maelilyus
1063 3676 1080 3729 l.
1099 3691 1120 3729 s.
1139 3692 1160 3730 s.
1178 3694 1206 3744 p.

58 3759 127 3819 121)
150 3755 264 3822 insuper
289 3753 411 3806 adducas
437 3750 618 3805 Ounierurius.
652 3749 829 3813 Quinetiam
854 3754 967 3822 insuper
991 3757 1021 3807 tu
1046 3756 1095 3822 (mi
1116 3757 1206 3810 Muel-

58 3836 134 3890 lerus
152 3835 169 3888 l.
188 3850 209 3889 s.
229 3849 249 3885 6.
265 3850 295 3900 p.
317 3837 366 3897 40;
386 3839 416 3885 at
434 3833 468 3899 ef.
484 3849 514 3899 p.
535 3836 589 3884 000
608 3830 684 3893 uda.)
709 3831 830 3886 adducas
855 3833 1014 3900 Geppertus.
1048 3833 1102 3896 Qui
1121 3836 1206 3888 etiam

58 3913 170 3969 alienas
189 3912 361 3981 Speuzpelius,
386 3911 423 3965 Ni
446 3913 496 3978 (sie
519 3912 576 3963 iam
595 3910 757 3964 Gulielmius
780 3913 865 3965 altero
889 3914 956 3980 loeo)
981 3910 1067 3965 etiam
1091 3929 1208 3969 examen

26 4024 31 4035 ·
58 3994 381 4062 Kiesslinuiusceasp.
402 3989 713 4057 assumpsisses
732 3990 1207 4060 11666116606666.11116133
1286 3993 1293 4006 ⁸

58 4075 93 4127 iu
111 4072 318 4141 superadducas
338 4073 531 4126 eouseutientes
620 4088 674 4142 que
695 4070 758 4123 01).
787 4088 840 4138 que
859 4072 917 4123 BL
989 4070 1057 4124 Mihi
1080 4070 1135 4125 01)

58 4152 211 4207 comedant
229 4153 382 4219 (comedint
401 4151 586 4218 Camerarius)
605 4150 697 4204 eibum
717 4151 741 4201 L
750 4151 781 4204 Z.
816 4152 900 4204 com&
918 4149 1041 4204 ineibum
1060 4151 1095 4204 B.
1121 4152 1207 4205 com&

59 4231 356 4303 (Mihiccmie)incib1i
377 4231 404 4286 0.
443 4231 562 4286 cometin
582 4230 676 4283 eibum
695 4230 723 4282 1)
880 4229 1064 4284 eseboni)

58 4312 279 4382 hocquidemO
386 4312 410 4364 si
434 4312 527 4366 hercle
550 4311 675 4364 Bellias.
713 4309 806 4363 hercle
830 4309 852 4363 si
877 4310 1001 4364 CDLZ.
1038 4309 1146 4362 hercles
1168 4310 1204 4364 B.

58 4394 157 4450 barole
173 4393 326 4463 Gepperlus
377 4391 406 4445 Si
421 4393 475 4447 hoc
492 4390 606 4460 quidem
625 4389 718 4443 hercle
736 4390 854 4444 Botliius
872 4394 986 4444 61010
1050 4388 1161 4458 ingrata
1180 4393 1207 4444 61

60 4474 87 4529 0
102 4491 166 4528 eam
182 4475 281 4543 spatio.
314 4473 484 4543 ingratumst
502 4473 538 4524 D.
571 4471 710 4539 ingratast
727 4470 763 4522 13.
782 4469 925 4539 ingratast
943 4471 969 4522 'A
1051 4470 1160 4525 Donum
1176 4469 1204 4526 0.

57 4555 143 4610 Domi
162 4554 200 4608 D.
216 4570 266 4608 om.
286 4553 405 4607 Bothius
494 4552 562 4607 cedo
585 4569 618 4606 ea·
641 4549 707 4603 tede
730 4551 760 4603 D
838 4549 890 4616 mi,
909 4567 994 4618 puere
1013 4548 1053 4606 Β,
1086 4554 1117 4604 16
1136 4551 1206 4605 mihi

60 4631 225 4700 (tumihiO)
246 4631 330 4684 istam
350 4649 433 4700 puere
453 4632 525 4686 libri.
554 4634 584 4683 16
599 4628 669 4683 mihi
684 4630 766 4683 islam
782 4630 942 4700 Speupelius
997 4630 1095 4686 cistam
1108 4632 1206 4687 116666

115 4713 241 4782 perulam
263 4711 406 4768 Gruter-us.
431 4729 480 4780 per
499 4710 574 4765 uiam
590 4711 613 4764 0
629 4729 689 4765 eum
707 4713 805 4779 spatio.
828 4731 847 4783 p
867 4711 1029 4779 61611061ιί
1047 4729 1107 4765 eum
1121 4730 1204 4781 puere

59 4809 169 4849 uersum
187 4796 313 4862 occupat)
327 4794 398 4849 etl).
418 4792 552 4864 pallulam
569 4792 633 4846 LZ.
652 4808 805 4862 purpuram
814 4791 994 4848 Buecheleuis
1008 4793 1024 4847 l.
1039 4809 1059 4848 s.
1075 4810 1094 4847 s.
1106 4810 1136 4863 p.
1148 4799 1204 4849 572
