<?xml version="1.0" encoding="UTF-8"?>
<!DOCTYPE html PUBLIC "-//W3C//DTD XHTML 1.0 Transitional//EN"
    "http://www.w3.org/TR/xhtml1/DTD/xhtml1-transitional.dtd">
<html xmlns="http://www.w3.org/1999/xhtml" xml:lang="en" lang="en">
 <head>
  <title>
</title>
<meta http-equiv="Content-Type" content="text/html;charset=utf-8" />
  <meta name='ocr-system' content='tesseract 3.04.00' />
  <meta name='ocr-capabilities' content='ocr_page ocr_carea ocr_par ocr_line ocrx_word'/>
</head>
<body>
  <div class='ocr_page' id='page_1' title='image "./tmacciplauticom02schgoog_0440.png"; bbox 0 0 2932 5452; ppageno 0'>
   <div class='ocr_carea' id='block_1_1' title="bbox 564 715 1232 783">
    <p class='ocr_par' dir='ltr' id='par_1_1' title="bbox 564 715 1232 783">
     <span class='ocr_line' id='line_1_1' title="bbox 564 715 1232 783; baseline 0.003 -12"><span class='ocrx_word' id='word_1_1' title='bbox 564 715 769 771; x_wconf 76' lang='lat' dir='ltr'><strong>PRAEFATIO</strong></span> <span class='ocrx_word' id='word_1_2' title='bbox 1186 737 1232 783; x_wconf 78' lang='lat' dir='ltr'><strong>xv</strong></span> 
     </span>
    </p>
   </div>
   <div class='ocr_carea' id='block_1_2' title="bbox 10 863 1367 3519">
    <p class='ocr_par' dir='ltr' id='par_1_2' title="bbox 88 863 1235 1282">
     <span class='ocr_line' id='line_1_2' title="bbox 89 863 1235 964; baseline -0.003 -18"><span class='ocrx_word' id='word_1_3' title='bbox 89 903 199 946; x_wconf 82' lang='lat' dir='ltr'><strong>versus</strong></span> <span class='ocrx_word' id='word_1_4' title='bbox 230 879 492 962; x_wconf 86' lang='lat' dir='ltr'><strong>circumscriptus</strong></span> <span class='ocrx_word' id='word_1_5' title='bbox 524 881 588 962; x_wconf 88' lang='lat' dir='ltr'><strong>est,</strong></span> <span class='ocrx_word' id='word_1_6' title='bbox 624 863 700 962; x_wconf 91' lang='lat' dir='ltr'><strong>quin</strong></span> <span class='ocrx_word' id='word_1_7' title='bbox 736 901 862 962; x_wconf 89' lang='lat' dir='ltr'><strong>semper</strong></span> <span class='ocrx_word' id='word_1_8' title='bbox 890 878 1046 961; x_wconf 80' lang='lat' dir='ltr'><strong>quaedam</strong></span> <span class='ocrx_word' id='word_1_9' title='bbox 1077 882 1235 964; x_wconf 83' lang='lat' dir='ltr'><strong>vagatura</strong></span> 
     </span>
     <span class='ocr_line' id='line_1_3' title="bbox 89 984 1234 1070; baseline -0.002 -18"><span class='ocrx_word' id='word_1_10' title='bbox 89 987 154 1052; x_wconf 88' lang='lat' dir='ltr'><strong>sint</strong></span> <span class='ocrx_word' id='word_1_11' title='bbox 183 987 335 1070; x_wconf 86' lang='lat' dir='ltr'><strong>liberius,</strong></span> <span class='ocrx_word' id='word_1_12' title='bbox 367 1006 449 1069; x_wconf 89' lang='lat' dir='ltr'><strong>quae</strong></span> <span class='ocrx_word' id='word_1_13' title='bbox 482 984 577 1049; x_wconf 87' lang='lat' dir='ltr'><strong>unius</strong></span> <span class='ocrx_word' id='word_1_14' title='bbox 611 1006 743 1050; x_wconf 89' lang='lat' dir='ltr'><strong>normae</strong></span> <span class='ocrx_word' id='word_1_15' title='bbox 775 985 946 1050; x_wconf 88' lang='lat' dir='ltr'><strong>severitate</strong></span> <span class='ocrx_word' id='word_1_16' title='bbox 978 986 1149 1069; x_wconf 85' lang='lat' dir='ltr'><strong>exaequari</strong></span> <span class='ocrx_word' id='word_1_17' title='bbox 1177 990 1234 1050; x_wconf 89' lang='lat' dir='ltr'><strong>aut</strong></span> 
     </span>
     <span class='ocr_line' id='line_1_4' title="bbox 88 1090 1233 1183; baseline -0.001 -26"><span class='ocrx_word' id='word_1_18' title='bbox 88 1095 172 1159; x_wconf 89' lang='lat' dir='ltr'><strong>ratio</strong></span> <span class='ocrx_word' id='word_1_19' title='bbox 196 1097 286 1158; x_wconf 81' lang='lat' dir='ltr'><strong>vetet</strong></span> <span class='ocrx_word' id='word_1_20' title='bbox 308 1096 366 1157; x_wconf 87' lang='lat' dir='ltr'><strong>aut</strong></span> <span class='ocrx_word' id='word_1_21' title='bbox 389 1091 573 1183; x_wconf 71' lang='lat' dir='ltr'><strong>dissuadeat</strong></span> <span class='ocrx_word' id='word_1_22' title='bbox 596 1091 816 1156; x_wconf 75' lang='lat' dir='ltr'><strong>commoditas.</strong></span> <span class='ocrx_word' id='word_1_23' title='bbox 863 1090 915 1156; x_wconf 84' lang='lat' dir='ltr'><strong>Sic</strong></span> <span class='ocrx_word' id='word_1_24' title='bbox 939 1092 994 1175; x_wconf 91' lang='lat' dir='ltr'><strong>qui</strong></span> <span class='ocrx_word' id='word_1_25' title='bbox 1017 1092 1146 1174; x_wconf 86' lang='lat' dir='ltr'><strong>sapiant</strong></span> <span class='ocrx_word' id='word_1_26' title='bbox 1169 1114 1233 1157; x_wconf 93' lang='lat' dir='ltr'><strong>me·</strong></span> 
     </span>
     <span class='ocr_line' id='line_1_5' title="bbox 88 1198 1233 1282; baseline -0.003 -17"><span class='ocrx_word' id='word_1_27' title='bbox 88 1201 150 1264; x_wconf 87' lang='lat' dir='ltr'><strong>rito</strong></span> <span class='ocrx_word' id='word_1_28' title='bbox 183 1199 380 1265; x_wconf 87' lang='lat' dir='ltr'><strong>dubitabunt</strong></span> <span class='ocrx_word' id='word_1_29' title='bbox 413 1219 429 1261; x_wconf 93' lang='lat' dir='ltr'><strong>e</strong></span> <span class='ocrx_word' id='word_1_30' title='bbox 463 1198 571 1282; x_wconf 83' lang='lat' dir='ltr'><strong>legum</strong></span> <span class='ocrx_word' id='word_1_31' title='bbox 603 1198 821 1263; x_wconf 76' lang='lat' dir='ltr'><strong>monumentis</strong></span> <span class='ocrx_word' id='word_1_32' title='bbox 848 1218 989 1280; x_wconf 76' lang='lat' dir='ltr'><strong>prroscere</strong></span> <span class='ocrx_word' id='word_1_33' title='bbox 1018 1198 1233 1282; x_wconf 83' lang='lat' dir='ltr'><strong>ambiguaque</strong></span> 
     </span>
    </p>

    <p class='ocr_par' dir='ltr' id='par_1_3' title="bbox 10 1284 1367 2435">
     <span class='ocr_line' id='line_1_6' title="bbox 10 1284 1232 1396; baseline -0.001 -26"><span class='ocrx_word' id='word_1_34' title='bbox 10 1284 20 1305; x_wconf 58' lang='lat'>⁵</span> <span class='ocrx_word' id='word_1_35' title='bbox 88 1306 176 1371; x_wconf 81' lang='lat' dir='ltr'><strong>Festi</strong></span> <span class='ocrx_word' id='word_1_36' title='bbox 204 1306 249 1391; x_wconf 83' lang='lat' dir='ltr'><strong>(p.</strong></span> <span class='ocrx_word' id='word_1_37' title='bbox 281 1304 358 1388; x_wconf 76' lang='lat'>174)</span> <span class='ocrx_word' id='word_1_38' title='bbox 386 1303 541 1368; x_wconf 87' lang='lat' dir='ltr'><strong>memoria</strong></span> <span class='ocrx_word' id='word_1_39' title='bbox 565 1304 698 1386; x_wconf 71' lang='lat' dir='ltr'><strong>proditis</strong></span> <span class='ocrx_word' id='word_1_40' title='bbox 725 1305 760 1368; x_wconf 94' lang='lat' dir='ltr'><strong>in</strong></span> <span class='ocrx_word' id='word_1_41' title='bbox 787 1304 937 1368; x_wconf 88' lang='lat' dir='ltr'><strong>Plautum</strong></span> <span class='ocrx_word' id='word_1_42' title='bbox 971 1305 1100 1386; x_wconf 85' lang='lat' dir='ltr'><strong>inferre,</strong></span> <span class='ocrx_word' id='word_1_43' title='bbox 1134 1327 1232 1396; x_wconf 87' lang='lat' dir='ltr'><strong>quan·</strong></span> 
     </span>
     <span class='ocr_line' id='line_1_7' title="bbox 87 1411 1234 1496; baseline -0.001 -19"><span class='ocrx_word' id='word_1_44' title='bbox 87 1413 208 1478; x_wconf 83' lang='lat' dir='ltr'><strong>tumvis</strong></span> <span class='ocrx_word' id='word_1_45' title='bbox 232 1411 398 1496; x_wconf 84' lang='lat' dir='ltr'><strong>probabile</strong></span> <span class='ocrx_word' id='word_1_46' title='bbox 422 1411 763 1493; x_wconf 76' lang='grc'>11191111111111111111</span> <span class='ocrx_word' id='word_1_47' title='bbox 787 1432 925 1494; x_wconf 84' lang='lat' dir='ltr'><strong>semper,</strong></span> <span class='ocrx_word' id='word_1_48' title='bbox 953 1432 1117 1493; x_wconf 89' lang='lat' dir='ltr'><strong>nunquam</strong></span> <span class='ocrx_word' id='word_1_49' title='bbox 1141 1417 1234 1477; x_wconf 80' lang='lat' dir='ltr'><strong>ratus</strong></span> 
     </span>
     <span class='ocr_line' id='line_1_8' title="bbox 87 1516 1367 1600; baseline -0.002 -16"><span class='ocrx_word' id='word_1_50' title='bbox 87 1519 214 1584; x_wconf 81' lang='lat' dir='ltr'><strong>dixisse.</strong></span> <span class='ocrx_word' id='word_1_51' title='bbox 268 1517 351 1582; x_wconf 89' lang='lat' dir='ltr'><strong>Item</strong></span> <span class='ocrx_word' id='word_1_52' title='bbox 384 1517 609 1581; x_wconf 88' lang='lat' dir='ltr'><strong>consuetudini</strong></span> <span class='ocrx_word' id='word_1_53' title='bbox 641 1518 779 1582; x_wconf 84' lang='lat' dir='ltr'><strong>fortasse</strong></span> <span class='ocrx_word' id='word_1_54' title='bbox 813 1517 874 1582; x_wconf 92' lang='lat' dir='ltr'><strong>hoc</strong></span> <span class='ocrx_word' id='word_1_55' title='bbox 904 1516 1042 1600; x_wconf 85' lang='lat' dir='ltr'><strong>dabunt,</strong></span> <span class='ocrx_word' id='word_1_56' title='bbox 1074 1520 1110 1581; x_wconf 89' lang='lat' dir='ltr'><strong>ut</strong></span> <span class='ocrx_word' id='word_1_57' title='bbox 1141 1540 1233 1598; x_wconf 79' lang='lat' dir='ltr'><strong>quom</strong></span> <span class='ocrx_word' id='word_1_58' title='bbox 1364 1547 1367 1551; x_wconf 90' lang='lat'>·</span> 
     </span>
     <span class='ocr_line' id='line_1_9' title="bbox 88 1623 1234 1710; baseline -0.002 -19"><span class='ocrx_word' id='word_1_59' title='bbox 88 1626 300 1710; x_wconf 79' lang='lat' dir='ltr'><strong>scripturam,</strong></span> <span class='ocrx_word' id='word_1_60' title='bbox 331 1645 413 1708; x_wconf 88' lang='lat' dir='ltr'><strong>quae</strong></span> <span class='ocrx_word' id='word_1_61' title='bbox 445 1644 512 1687; x_wconf 93' lang='lat' dir='ltr'><strong>non</strong></span> <span class='ocrx_word' id='word_1_62' title='bbox 546 1623 706 1688; x_wconf 85' lang='lat' dir='ltr'><strong>immerito</strong></span> <span class='ocrx_word' id='word_1_63' title='bbox 740 1624 774 1687; x_wconf 92' lang='lat' dir='ltr'><strong>in</strong></span> <span class='ocrx_word' id='word_1_64' title='bbox 807 1624 1001 1705; x_wconf 75' lang='lat' dir='ltr'><strong>qoomplores</strong></span> <span class='ocrx_word' id='word_1_65' title='bbox 1031 1624 1234 1706; x_wconf 71' lang='lat' dir='ltr'><strong>quiquumque</strong></span> 
     </span>
     <span class='ocr_line' id='line_1_10' title="bbox 87 1729 1232 1814; baseline -0.001 -18"><span class='ocrx_word' id='word_1_66' title='bbox 87 1737 270 1814; x_wconf 77' lang='lat' dir='ltr'><strong>utquomque</strong></span> <span class='ocrx_word' id='word_1_67' title='bbox 288 1730 483 1814; x_wconf 79' lang='lat' dir='ltr'><strong>servabitur,</strong></span> <span class='ocrx_word' id='word_1_68' title='bbox 501 1729 680 1794; x_wconf 88' lang='lat' dir='ltr'><strong>transferre</strong></span> <span class='ocrx_word' id='word_1_69' title='bbox 700 1730 739 1794; x_wconf 91' lang='lat' dir='ltr'><strong>ad</strong></span> <span class='ocrx_word' id='word_1_70' title='bbox 759 1730 1033 1814; x_wconf 77' lang='lat' dir='ltr'><strong>praepositionem</strong></span> <span class='ocrx_word' id='word_1_71' title='bbox 1052 1735 1232 1812; x_wconf 78' lang='lat' dir='ltr'><strong>vereantur,</strong></span> 
     </span>
     <span class='ocr_line' id='line_1_11' title="bbox 87 1835 1234 1922; baseline 0 -19"><span class='ocrx_word' id='word_1_72' title='bbox 87 1860 169 1922; x_wconf 85' lang='lat' dir='ltr'><strong>quae</strong></span> <span class='ocrx_word' id='word_1_73' title='bbox 192 1837 281 1902; x_wconf 90' lang='lat' dir='ltr'><strong>haud</strong></span> <span class='ocrx_word' id='word_1_74' title='bbox 304 1859 383 1901; x_wconf 90' lang='lat' dir='ltr'><strong>sane</strong></span> <span class='ocrx_word' id='word_1_75' title='bbox 407 1857 515 1920; x_wconf 85' lang='lat' dir='ltr'><strong>saepe,</strong></span> <span class='ocrx_word' id='word_1_76' title='bbox 544 1835 600 1899; x_wconf 86' lang='lat' dir='ltr'><strong>sed</strong></span> <span class='ocrx_word' id='word_1_77' title='bbox 629 1839 738 1900; x_wconf 88' lang='lat' dir='ltr'><strong>tamen</strong></span> <span class='ocrx_word' id='word_1_78' title='bbox 764 1857 830 1900; x_wconf 94' lang='lat' dir='ltr'><strong>non</strong></span> <span class='ocrx_word' id='word_1_79' title='bbox 853 1857 1019 1920; x_wconf 90' lang='lat' dir='ltr'><strong>nunquam</strong></span> <span class='ocrx_word' id='word_1_80' title='bbox 1043 1836 1088 1900; x_wconf 90' lang='lat' dir='ltr'><strong>sic</strong></span> <span class='ocrx_word' id='word_1_81' title='bbox 1112 1839 1234 1921; x_wconf 89' lang='lat' dir='ltr'><strong>scripta</strong></span> 
     </span>
     <span class='ocr_line' id='line_1_12' title="bbox 87 1942 1234 2027; baseline 0.002 -20"><span class='ocrx_word' id='word_1_82' title='bbox 87 1945 120 2007; x_wconf 89' lang='lat' dir='ltr'><strong>in</strong></span> <span class='ocrx_word' id='word_1_83' title='bbox 144 1944 240 2009; x_wconf 87' lang='lat' dir='ltr'><strong>bonis</strong></span> <span class='ocrx_word' id='word_1_84' title='bbox 263 1943 356 2008; x_wconf 90' lang='lat' dir='ltr'><strong>libris</strong></span> <span class='ocrx_word' id='word_1_85' title='bbox 380 1947 494 2007; x_wconf 84' lang='lat' dir='ltr'><strong>exstat.</strong></span> <span class='ocrx_word' id='word_1_86' title='bbox 541 1942 609 2008; x_wconf 92' lang='lat' dir='ltr'><strong>Nec</strong></span> <span class='ocrx_word' id='word_1_87' title='bbox 638 1943 692 2027; x_wconf 90' lang='lat' dir='ltr'><strong>qui</strong></span> <span class='ocrx_word' id='word_1_88' title='bbox 722 1943 804 2007; x_wconf 80' lang='lat' dir='ltr'><strong>nollo</strong></span> <span class='ocrx_word' id='word_1_89' title='bbox 828 1945 1014 2007; x_wconf 84' lang='lat' dir='ltr'><strong>constanter</strong></span> <span class='ocrx_word' id='word_1_90' title='bbox 1037 1943 1234 2009; x_wconf 84' lang='lat' dir='ltr'><strong>substituere</strong></span> 
     </span>
     <span class='ocr_line' id='line_1_13' title="bbox 85 2048 1233 2132; baseline 0 -18"><span class='ocrx_word' id='word_1_91' title='bbox 85 2052 120 2114; x_wconf 90' lang='lat' dir='ltr'><strong>in</strong></span> <span class='ocrx_word' id='word_1_92' title='bbox 143 2052 251 2115; x_wconf 93' lang='lat' dir='ltr'><strong>locum</strong></span> <span class='ocrx_word' id='word_1_93' title='bbox 273 2049 454 2115; x_wconf 86' lang='lat' dir='ltr'><strong>tralaticiae</strong></span> <span class='ocrx_word' id='word_1_94' title='bbox 476 2050 546 2113; x_wconf 84' lang='lat' dir='ltr'><strong>reolo</strong></span> <span class='ocrx_word' id='word_1_95' title='bbox 569 2049 693 2114; x_wconf 87' lang='lat' dir='ltr'><strong>formae</strong></span> <span class='ocrx_word' id='word_1_96' title='bbox 716 2049 860 2114; x_wconf 90' lang='lat' dir='ltr'><strong>animum</strong></span> <span class='ocrx_word' id='word_1_97' title='bbox 883 2048 1031 2132; x_wconf 84' lang='lat' dir='ltr'><strong>inducat,</strong></span> <span class='ocrx_word' id='word_1_98' title='bbox 1053 2051 1233 2114; x_wconf 89' lang='lat' dir='ltr'><strong>consultius</strong></span> 
     </span>
     <span class='ocr_line' id='line_1_14' title="bbox 86 2155 1234 2242; baseline 0.002 -21"><span class='ocrx_word' id='word_1_99' title='bbox 86 2178 185 2242; x_wconf 85' lang='lat' dir='ltr'><strong>agera</strong></span> <span class='ocrx_word' id='word_1_100' title='bbox 209 2156 369 2221; x_wconf 86' lang='lat' dir='ltr'><strong>videbitur</strong></span> <span class='ocrx_word' id='word_1_101' title='bbox 393 2179 490 2240; x_wconf 90' lang='lat' dir='ltr'><strong>quam</strong></span> <span class='ocrx_word' id='word_1_102' title='bbox 514 2156 569 2240; x_wconf 90' lang='lat' dir='ltr'><strong>qui</strong></span> <span class='ocrx_word' id='word_1_103' title='bbox 588 2157 717 2220; x_wconf 84' lang='lat' dir='ltr'><strong>exclusa</strong></span> <span class='ocrx_word' id='word_1_104' title='bbox 739 2157 841 2220; x_wconf 76' lang='grc'>(115111</span> <span class='ocrx_word' id='word_1_105' title='bbox 864 2155 1023 2239; x_wconf 89' lang='lat' dir='ltr'><strong>scriptura</strong></span> <span class='ocrx_word' id='word_1_106' title='bbox 1042 2155 1160 2240; x_wconf 88' lang='lat' dir='ltr'><strong>ubique</strong></span> <span class='ocrx_word' id='word_1_107' title='bbox 1183 2160 1234 2223; x_wconf 85' lang='lat' dir='ltr'><strong>de·</strong></span> 
     </span>
     <span class='ocr_line' id='line_1_15' title="bbox 82 2262 1232 2347; baseline 0.002 -19"><span class='ocrx_word' id='word_1_108' title='bbox 82 2265 188 2328; x_wconf 74' lang='lat' dir='ltr'><strong>bebere</strong></span> <span class='ocrx_word' id='word_1_109' title='bbox 219 2266 334 2347; x_wconf 87' lang='lat' dir='ltr'><strong>ponat,</strong></span> <span class='ocrx_word' id='word_1_110' title='bbox 366 2263 497 2327; x_wconf 86' lang='lat' dir='ltr'><strong>tametsi</strong></span> <span class='ocrx_word' id='word_1_111' title='bbox 529 2267 562 2328; x_wconf 89' lang='lat' dir='ltr'><strong>et</strong></span> <span class='ocrx_word' id='word_1_112' title='bbox 592 2262 767 2344; x_wconf 70' lang='lat' dir='ltr'><strong>praedabare</strong></span> <span class='ocrx_word' id='word_1_113' title='bbox 794 2262 913 2345; x_wconf 86' lang='lat' dir='ltr'><strong>ubique</strong></span> <span class='ocrx_word' id='word_1_114' title='bbox 940 2264 973 2325; x_wconf 90' lang='grc'><strong>11</strong></span> <span class='ocrx_word' id='word_1_115' title='bbox 1001 2263 1100 2327; x_wconf 87' lang='lat' dir='ltr'><strong>semel</strong></span> <span class='ocrx_word' id='word_1_116' title='bbox 1128 2265 1232 2347; x_wconf 90' lang='lat' dir='ltr'><strong>ipsum</strong></span> 
     </span>
     <span class='ocr_line' id='line_1_16' title="bbox 87 2366 594 2435; baseline -0.002 -1"><span class='ocrx_word' id='word_1_117' title='bbox 87 2369 228 2435; x_wconf 73' lang='lat' dir='ltr'><strong>dedidere</strong></span> <span class='ocrx_word' id='word_1_118' title='bbox 249 2372 413 2434; x_wconf 83' lang='lat' dir='ltr'><strong>testantur</strong></span> <span class='ocrx_word' id='word_1_119' title='bbox 436 2366 594 2434; x_wconf 89' lang='lat' dir='ltr'><strong>codices.&#39;&#39;</strong></span> 
     </span>
    </p>

    <p class='ocr_par' dir='ltr' id='par_1_4' title="bbox 84 2473 1234 3092">
     <span class='ocr_line' id='line_1_17' title="bbox 176 2473 1234 2559; baseline 0.001 -18"><span class='ocrx_word' id='word_1_120' title='bbox 176 2476 227 2541; x_wconf 90' lang='lat' dir='ltr'><strong>De</strong></span> <span class='ocrx_word' id='word_1_121' title='bbox 270 2475 450 2540; x_wconf 87' lang='lat' dir='ltr'><strong>diasceue</strong></span> <span class='ocrx_word' id='word_1_122' title='bbox 488 2473 591 2541; x_wconf 84' lang='lat' dir='ltr'><strong>Stichi</strong></span> <span class='ocrx_word' id='word_1_123' title='bbox 632 2479 708 2559; x_wconf 91' lang='lat' dir='ltr'><strong>post</strong></span> <span class='ocrx_word' id='word_1_124' title='bbox 744 2474 1000 2539; x_wconf 85' lang='lat' dir='ltr'><strong>Ritschelium</strong></span> <span class='ocrx_word' id='word_1_125' title='bbox 1037 2476 1234 2558; x_wconf 88' lang='lat' dir='ltr'><strong>scripserunt</strong></span> 
     </span>
     <span class='ocr_line' id='line_1_18' title="bbox 84 2570 1232 2669; baseline 0.001 -22"><span class='ocrx_word' id='word_1_126' title='bbox 84 2570 280 2669; x_wconf 67' lang='lat' dir='ltr'><strong>Bequius</strong></span> <span class='ocrx_word' id='word_1_127' title='bbox 295 2581 398 2667; x_wconf 77' lang='lat' dir='ltr'><strong>(Diar.</strong></span> <span class='ocrx_word' id='word_1_128' title='bbox 414 2583 535 2664; x_wconf 87' lang='lat' dir='ltr'><strong>antiqu.</strong></span> <span class='ocrx_word' id='word_1_129' title='bbox 552 2582 633 2645; x_wconf 88' lang='lat' dir='ltr'><strong>stud.</strong></span> <span class='ocrx_word' id='word_1_130' title='bbox 648 2605 675 2647; x_wconf 86' lang='lat' dir='ltr'><strong>a.</strong></span> <span class='ocrx_word' id='word_1_131' title='bbox 692 2582 778 2646; x_wconf 84' lang='lat'>1850</span> <span class='ocrx_word' id='word_1_132' title='bbox 793 2604 822 2664; x_wconf 92' lang='lat' dir='ltr'><strong>p.</strong></span> <span class='ocrx_word' id='word_1_133' title='bbox 834 2582 898 2645; x_wconf 79' lang='lat'><strong>332</strong></span> <span class='ocrx_word' id='word_1_134' title='bbox 914 2581 996 2666; x_wconf 85' lang='lat' dir='ltr'><strong>sqq.)</strong></span> <span class='ocrx_word' id='word_1_135' title='bbox 1016 2581 1232 2648; x_wconf 85' lang='lat' dir='ltr'><strong>Teuffelius</strong></span> 
     </span>
     <span class='ocr_line' id='line_1_19' title="bbox 86 2686 1229 2774; baseline -0.004 -15"><span class='ocrx_word' id='word_1_136' title='bbox 86 2690 193 2772; x_wconf 77' lang='lat' dir='ltr'><strong>(Stud.</strong></span> <span class='ocrx_word' id='word_1_137' title='bbox 217 2712 247 2753; x_wconf 88' lang='lat' dir='ltr'><strong>u.</strong></span> <span class='ocrx_word' id='word_1_138' title='bbox 271 2687 423 2754; x_wconf 82' lang='lat' dir='ltr'><strong>Charakt.</strong></span> <span class='ocrx_word' id='word_1_139' title='bbox 447 2710 476 2771; x_wconf 92' lang='lat' dir='ltr'><strong>p.</strong></span> <span class='ocrx_word' id='word_1_140' title='bbox 496 2689 560 2752; x_wconf 75' lang='lat'><strong>277</strong></span> <span class='ocrx_word' id='word_1_141' title='bbox 582 2686 657 2774; x_wconf 79' lang='lat' dir='ltr'><strong>sq),</strong></span> <span class='ocrx_word' id='word_1_142' title='bbox 687 2688 932 2770; x_wconf 78' lang='lat' dir='ltr'><strong>hadewigius</strong></span> <span class='ocrx_word' id='word_1_143' title='bbox 956 2688 1229 2772; x_wconf 76' lang='lat' dir='ltr'><strong>(Phi101.vol.17</strong></span> 
     </span>
     <span class='ocr_line' id='line_1_20' title="bbox 86 2795 1231 2880; baseline 0.001 -20"><span class='ocrx_word' id='word_1_144' title='bbox 86 2821 117 2880; x_wconf 92' lang='lat' dir='ltr'><strong>p.</strong></span> <span class='ocrx_word' id='word_1_145' title='bbox 132 2799 197 2861; x_wconf 83' lang='grc'><strong>455</strong></span> <span class='ocrx_word' id='word_1_146' title='bbox 207 2797 305 2880; x_wconf 79' lang='lat' dir='ltr'><strong>sqq),</strong></span> <span class='ocrx_word' id='word_1_147' title='bbox 324 2797 363 2859; x_wconf 93' lang='lat' dir='ltr'><strong>de</strong></span> <span class='ocrx_word' id='word_1_148' title='bbox 383 2817 520 2880; x_wconf 90' lang='lat' dir='ltr'><strong>quorum</strong></span> <span class='ocrx_word' id='word_1_149' title='bbox 535 2795 724 2859; x_wconf 90' lang='lat' dir='ltr'><strong>commentis</strong></span> <span class='ocrx_word' id='word_1_150' title='bbox 744 2795 820 2879; x_wconf 90' lang='lat' dir='ltr'><strong>quid</strong></span> <span class='ocrx_word' id='word_1_151' title='bbox 841 2795 993 2858; x_wconf 85' lang='lat' dir='ltr'><strong>sentirem</strong></span> <span class='ocrx_word' id='word_1_152' title='bbox 1013 2797 1146 2878; x_wconf 84' lang='lat' dir='ltr'><strong>exposui</strong></span> <span class='ocrx_word' id='word_1_153' title='bbox 1161 2797 1231 2861; x_wconf 88' lang='lat' dir='ltr'><strong>Act.</strong></span> 
     </span>
     <span class='ocr_line' id='line_1_21' title="bbox 86 2899 1230 2986; baseline 0 -19"><span class='ocrx_word' id='word_1_154' title='bbox 86 2926 150 2967; x_wconf 88' lang='lat' dir='ltr'><strong>soc.</strong></span> <span class='ocrx_word' id='word_1_155' title='bbox 169 2903 249 2986; x_wconf 91' lang='lat' dir='ltr'><strong>phil.</strong></span> <span class='ocrx_word' id='word_1_156' title='bbox 268 2902 344 2986; x_wconf 88' lang='lat' dir='ltr'><strong>Lips</strong></span> <span class='ocrx_word' id='word_1_157' title='bbox 364 2902 426 2966; x_wconf 89' lang='lat' dir='ltr'><strong>vol.</strong></span> <span class='ocrx_word' id='word_1_158' title='bbox 444 2900 490 2965; x_wconf 88' lang='lat' dir='ltr'><strong>Vl</strong></span> <span class='ocrx_word' id='word_1_159' title='bbox 511 2925 539 2985; x_wconf 94' lang='lat' dir='ltr'><strong>p.</strong></span> <span class='ocrx_word' id='word_1_160' title='bbox 560 2903 625 2965; x_wconf 77' lang='lat'><strong>270</strong></span> <span class='ocrx_word' id='word_1_161' title='bbox 644 2925 689 2985; x_wconf 90' lang='lat' dir='ltr'><strong>sq.</strong></span> <span class='ocrx_word' id='word_1_162' title='bbox 709 2906 741 2965; x_wconf 89' lang='lat' dir='ltr'><strong>et</strong></span> <span class='ocrx_word' id='word_1_163' title='bbox 760 2902 825 2965; x_wconf 80' lang='lat'><strong>302</strong></span> <span class='ocrx_word' id='word_1_164' title='bbox 844 2923 912 2984; x_wconf 85' lang='lat' dir='ltr'><strong>sqq.</strong></span> <span class='ocrx_word' id='word_1_165' title='bbox 931 2899 1097 2965; x_wconf 82' lang='lat' dir='ltr'><strong>Summam</strong></span> <span class='ocrx_word' id='word_1_166' title='bbox 1121 2925 1230 2967; x_wconf 87' lang='lat' dir='ltr'><strong>corum</strong></span> 
     </span>
     <span class='ocr_line' id='line_1_22' title="bbox 89 3007 1230 3092; baseline 0.003 -20"><span class='ocrx_word' id='word_1_167' title='bbox 89 3031 168 3091; x_wconf 88' lang='lat' dir='ltr'><strong>quae</strong></span> <span class='ocrx_word' id='word_1_168' title='bbox 193 3007 355 3092; x_wconf 88' lang='lat' dir='ltr'><strong>disputavi</strong></span> <span class='ocrx_word' id='word_1_169' title='bbox 379 3009 563 3072; x_wconf 88' lang='lat' dir='ltr'><strong>etiamnunc</strong></span> <span class='ocrx_word' id='word_1_170' title='bbox 587 3014 692 3073; x_wconf 90' lang='lat' dir='ltr'><strong>teneo:</strong></span> <span class='ocrx_word' id='word_1_171' title='bbox 722 3008 851 3090; x_wconf 82' lang='lat' dir='ltr'><strong>singula</strong></span> <span class='ocrx_word' id='word_1_172' title='bbox 875 3007 1030 3090; x_wconf 88' lang='lat' dir='ltr'><strong>quaedam</strong></span> <span class='ocrx_word' id='word_1_173' title='bbox 1055 3014 1230 3074; x_wconf 89' lang='lat' dir='ltr'><strong>retractare</strong></span> 
     </span>
    </p>

    <p class='ocr_par' dir='ltr' id='par_1_5' title="bbox 10 3113 1231 3412">
     <span class='ocr_line' id='line_1_23' title="bbox 10 3113 1231 3198; baseline 0 -17"><span class='ocrx_word' id='word_1_174' title='bbox 10 3170 12 3181; x_wconf 93' lang='lat'><strong>.</strong></span> <span class='ocrx_word' id='word_1_175' title='bbox 91 3137 159 3180; x_wconf 91' lang='lat' dir='ltr'><strong>cum</strong></span> <span class='ocrx_word' id='word_1_176' title='bbox 170 3138 235 3180; x_wconf 92' lang='lat' dir='ltr'><strong>non</strong></span> <span class='ocrx_word' id='word_1_177' title='bbox 252 3115 294 3179; x_wconf 88' lang='lat' dir='ltr'><strong>sit</strong></span> <span class='ocrx_word' id='word_1_178' title='bbox 306 3114 403 3178; x_wconf 88' lang='lat' dir='ltr'><strong>huius</strong></span> <span class='ocrx_word' id='word_1_179' title='bbox 413 3113 623 3198; x_wconf 86' lang='lat' dir='ltr'><strong>praefationis</strong></span> <span class='ocrx_word' id='word_1_180' title='bbox 638 3116 700 3178; x_wconf 86' lang='lat' dir='ltr'><strong>alio</strong></span> <span class='ocrx_word' id='word_1_181' title='bbox 711 3115 782 3179; x_wconf 92' lang='lat' dir='ltr'><strong>loco</strong></span> <span class='ocrx_word' id='word_1_182' title='bbox 798 3115 958 3178; x_wconf 90' lang='lat' dir='ltr'><strong>constitui.</strong></span> <span class='ocrx_word' id='word_1_183' title='bbox 983 3113 1030 3178; x_wconf 86' lang='lat' dir='ltr'><strong>Dc</strong></span> <span class='ocrx_word' id='word_1_184' title='bbox 1045 3116 1231 3181; x_wconf 87' lang='lat' dir='ltr'><strong>nominibus</strong></span> 
     </span>
     <span class='ocr_line' id='line_1_24' title="bbox 39 3221 1230 3299; baseline 0.002 -13"><span class='ocrx_word' id='word_1_185' title='bbox 39 3264 42 3271; x_wconf 80' lang='lat'><em>,</em></span> <span class='ocrx_word' id='word_1_186' title='bbox 94 3226 196 3286; x_wconf 83' lang='lat' dir='ltr'><strong>tamen</strong></span> <span class='ocrx_word' id='word_1_187' title='bbox 211 3244 268 3286; x_wconf 89' lang='lat' dir='ltr'><strong>cur</strong></span> <span class='ocrx_word' id='word_1_188' title='bbox 282 3225 410 3285; x_wconf 89' lang='lat' dir='ltr'><strong>secutus</strong></span> <span class='ocrx_word' id='word_1_189' title='bbox 429 3222 488 3284; x_wconf 90' lang='lat' dir='ltr'><strong>sim</strong></span> <span class='ocrx_word' id='word_1_190' title='bbox 509 3221 666 3284; x_wconf 91' lang='lat' dir='ltr'><strong>rationem</strong></span> <span class='ocrx_word' id='word_1_191' title='bbox 683 3244 701 3284; x_wconf 87' lang='lat' dir='ltr'><strong>a</strong></span> <span class='ocrx_word' id='word_1_192' title='bbox 717 3221 938 3299; x_wconf 81' lang='lat' dir='ltr'><strong>ltitscheliana</strong></span> <span class='ocrx_word' id='word_1_193' title='bbox 962 3221 1101 3285; x_wconf 88' lang='lat' dir='ltr'><strong>editione</strong></span> <span class='ocrx_word' id='word_1_194' title='bbox 1116 3223 1230 3288; x_wconf 88' lang='lat' dir='ltr'><strong>disere-</strong></span> 
     </span>
     <span class='ocr_line' id='line_1_25' title="bbox 96 3328 1230 3412; baseline 0.005 -22"><span class='ocrx_word' id='word_1_195' title='bbox 96 3331 219 3407; x_wconf 87' lang='lat' dir='ltr'><strong>pantem</strong></span> <span class='ocrx_word' id='word_1_196' title='bbox 235 3350 332 3411; x_wconf 90' lang='lat' dir='ltr'><strong>quam</strong></span> <span class='ocrx_word' id='word_1_197' title='bbox 347 3328 550 3412; x_wconf 83' lang='lat' dir='ltr'><strong>paucissimis</strong></span> <span class='ocrx_word' id='word_1_198' title='bbox 569 3328 631 3392; x_wconf 91' lang='lat' dir='ltr'><strong>hoc</strong></span> <span class='ocrx_word' id='word_1_199' title='bbox 650 3329 720 3410; x_wconf 89' lang='lat' dir='ltr'><strong>ipso</strong></span> <span class='ocrx_word' id='word_1_200' title='bbox 740 3329 811 3392; x_wconf 90' lang='lat' dir='ltr'><strong>loco</strong></span> <span class='ocrx_word' id='word_1_201' title='bbox 827 3349 985 3411; x_wconf 85' lang='lat' dir='ltr'><strong>exponere</strong></span> <span class='ocrx_word' id='word_1_202' title='bbox 1000 3330 1034 3392; x_wconf 91' lang='lat' dir='ltr'><strong>in</strong></span> <span class='ocrx_word' id='word_1_203' title='bbox 1050 3330 1158 3394; x_wconf 86' lang='lat' dir='ltr'><strong>animo</strong></span> <span class='ocrx_word' id='word_1_204' title='bbox 1173 3338 1230 3397; x_wconf 88' lang='lat' dir='ltr'><strong>est</strong></span> 
     </span>
    </p>

    <p class='ocr_par' dir='ltr' id='par_1_6' title="bbox 174 3433 1229 3519">
     <span class='ocr_line' id='line_1_26' title="bbox 174 3433 1229 3519; baseline 0.006 -23"><span class='ocrx_word' id='word_1_205' title='bbox 174 3435 283 3518; x_wconf 84' lang='lat' dir='ltr'><strong>Atque</strong></span> <span class='ocrx_word' id='word_1_206' title='bbox 298 3436 436 3517; x_wconf 91' lang='lat' dir='ltr'><strong>primum</strong></span> <span class='ocrx_word' id='word_1_207' title='bbox 457 3434 586 3519; x_wconf 87' lang='lat' dir='ltr'><strong>quidem</strong></span> <span class='ocrx_word' id='word_1_208' title='bbox 605 3433 865 3518; x_wconf 84' lang='lat' dir='ltr'><strong>Pamphilippi</strong></span> <span class='ocrx_word' id='word_1_209' title='bbox 888 3458 1006 3499; x_wconf 89' lang='lat' dir='ltr'><strong>nomen</strong></span> <span class='ocrx_word' id='word_1_210' title='bbox 1026 3436 1089 3499; x_wconf 89' lang='lat' dir='ltr'><strong>tale</strong></span> <span class='ocrx_word' id='word_1_211' title='bbox 1109 3459 1177 3501; x_wconf 85' lang='lat' dir='ltr'><strong>esse</strong></span> <span class='ocrx_word' id='word_1_212' title='bbox 1197 3440 1229 3502; x_wconf 92' lang='lat' dir='ltr'><strong>iu</strong></span> 
     </span>
    </p>
   </div>
   <div class='ocr_carea' id='block_1_3' title="bbox 94 3539 1230 3735">
    <p class='ocr_par' dir='ltr' id='par_1_7' title="bbox 94 3539 1230 3735">
     <span class='ocr_line' id='line_1_27' title="bbox 98 3539 1230 3624; baseline 0.005 -20"><span class='ocrx_word' id='word_1_213' title='bbox 98 3558 152 3619; x_wconf 88' lang='lat' dir='ltr'><strong>quo</strong></span> <span class='ocrx_word' id='word_1_214' title='bbox 172 3539 371 3604; x_wconf 86' lang='lat' dir='ltr'><strong>offendamus</strong></span> <span class='ocrx_word' id='word_1_215' title='bbox 391 3562 455 3605; x_wconf 91' lang='lat' dir='ltr'><strong>non</strong></span> <span class='ocrx_word' id='word_1_216' title='bbox 475 3561 572 3624; x_wconf 84' lang='lat' dir='ltr'><strong>nego:</strong></span> <span class='ocrx_word' id='word_1_217' title='bbox 593 3540 647 3604; x_wconf 88' lang='lat' dir='ltr'><strong>scd</strong></span> <span class='ocrx_word' id='word_1_218' title='bbox 667 3547 790 3605; x_wconf 90' lang='lat' dir='ltr'><strong>certum</strong></span> <span class='ocrx_word' id='word_1_219' title='bbox 809 3544 859 3604; x_wconf 86' lang='lat' dir='ltr'><strong>est</strong></span> <span class='ocrx_word' id='word_1_220' title='bbox 873 3542 957 3606; x_wconf 90' lang='lat' dir='ltr'><strong>idem</strong></span> <span class='ocrx_word' id='word_1_221' title='bbox 972 3565 1089 3607; x_wconf 88' lang='lat' dir='ltr'><strong>nomen</strong></span> <span class='ocrx_word' id='word_1_222' title='bbox 1105 3549 1230 3623; x_wconf 82' lang='grc'>11111111</span> 
     </span>
     <span class='ocr_line' id='line_1_28' title="bbox 94 3641 1230 3735; baseline 0.008 -28"><span class='ocrx_word' id='word_1_223' title='bbox 94 3641 211 3730; x_wconf 86' lang='lat' dir='ltr'><strong>inipso</strong></span> <span class='ocrx_word' id='word_1_224' title='bbox 232 3649 384 3711; x_wconf 82' lang='lat' dir='ltr'><strong>contextu</strong></span> <span class='ocrx_word' id='word_1_225' title='bbox 404 3647 482 3711; x_wconf 89' lang='lat' dir='ltr'><strong>locis</strong></span> <span class='ocrx_word' id='word_1_226' title='bbox 502 3646 603 3710; x_wconf 89' lang='lat' dir='ltr'><strong>hisce:</strong></span> <span class='ocrx_word' id='word_1_227' title='bbox 627 3647 692 3711; x_wconf 79' lang='grc'><strong>506</strong></span> <span class='ocrx_word' id='word_1_228' title='bbox 711 3643 873 3732; x_wconf 67' lang='lat' dir='ltr'><strong>(Aison),</strong></span> <span class='ocrx_word' id='word_1_229' title='bbox 897 3649 959 3711; x_wconf 78' lang='grc'><strong>527</strong></span> <span class='ocrx_word' id='word_1_230' title='bbox 981 3646 1142 3735; x_wconf 84' lang='lat' dir='ltr'>(ABOD),</span> <span class='ocrx_word' id='word_1_231' title='bbox 1166 3652 1230 3716; x_wconf 77' lang='lat'><strong>582</strong></span> 
     </span>
    </p>
   </div>
   <div class='ocr_carea' id='block_1_4' title="bbox 64 3746 1231 4689">
    <p class='ocr_par' dir='ltr' id='par_1_8' title="bbox 64 3746 1231 4689">
     <span class='ocr_line' id='line_1_29' title="bbox 90 3746 1229 3839; baseline 0.009 -27"><span class='ocrx_word' id='word_1_232' title='bbox 90 3746 217 3835; x_wconf 77' lang='lat' dir='ltr'>(ROD),</span> <span class='ocrx_word' id='word_1_233' title='bbox 236 3754 301 3817; x_wconf 85' lang='grc'><strong>583</strong></span> <span class='ocrx_word' id='word_1_234' title='bbox 313 3750 437 3837; x_wconf 80' lang='lat' dir='ltr'>(ROB),</span> <span class='ocrx_word' id='word_1_235' title='bbox 452 3753 515 3817; x_wconf 79' lang='lat'><strong>596</strong></span> <span class='ocrx_word' id='word_1_236' title='bbox 527 3748 673 3839; x_wconf 77' lang='lat' dir='ltr'>(ABOD)</span> <span class='ocrx_word' id='word_1_237' title='bbox 688 3754 802 3837; x_wconf 89' lang='lat' dir='ltr'><strong>bisque</strong></span> <span class='ocrx_word' id='word_1_238' title='bbox 817 3755 966 3818; x_wconf 90' lang='lat' dir='ltr'><strong>omnibus</strong></span> <span class='ocrx_word' id='word_1_239' title='bbox 983 3756 1061 3819; x_wconf 89' lang='lat' dir='ltr'><strong>locis</strong></span> <span class='ocrx_word' id='word_1_240' title='bbox 1078 3779 1229 3822; x_wconf 89' lang='lat' dir='ltr'><strong>numeros</strong></span> 
     </span>
     <span class='ocr_line' id='line_1_30' title="bbox 86 3849 1231 3941; baseline 0.007 -22"><span class='ocrx_word' id='word_1_241' title='bbox 86 3855 219 3923; x_wconf 81' lang='lat' dir='ltr'><strong>tolerari</strong></span> <span class='ocrx_word' id='word_1_242' title='bbox 235 3881 329 3941; x_wconf 87' lang='lat' dir='ltr'><strong>posse</strong></span> <span class='ocrx_word' id='word_1_243' title='bbox 349 3864 476 3923; x_wconf 85' lang='lat' dir='ltr'><strong>servata</strong></span> <span class='ocrx_word' id='word_1_244' title='bbox 491 3859 552 3923; x_wconf 88' lang='lat' dir='ltr'><strong>hac</strong></span> <span class='ocrx_word' id='word_1_245' title='bbox 566 3849 706 3922; x_wconf 85' lang='lat' dir='ltr'><strong>nominis</strong></span> <span class='ocrx_word' id='word_1_246' title='bbox 722 3860 835 3924; x_wconf 88' lang='lat' dir='ltr'><strong>forma.</strong></span> <span class='ocrx_word' id='word_1_247' title='bbox 867 3860 954 3925; x_wconf 90' lang='lat' dir='ltr'><strong>Idem</strong></span> <span class='ocrx_word' id='word_1_248' title='bbox 970 3883 1087 3926; x_wconf 89' lang='lat' dir='ltr'><strong>nomen</strong></span> <span class='ocrx_word' id='word_1_249' title='bbox 1102 3865 1231 3927; x_wconf 84' lang='lat' dir='ltr'><strong>exhibet</strong></span> 
     </span>
     <span class='ocr_line' id='line_1_31' title="bbox 80 3959 1228 4052; baseline 0.003 -25"><span class='ocrx_word' id='word_1_250' title='bbox 80 3959 201 4029; x_wconf 77' lang='lat' dir='ltr'><strong>titulus</strong></span> <span class='ocrx_word' id='word_1_251' title='bbox 222 3987 355 4029; x_wconf 86' lang='lat' dir='ltr'><strong>scaenae</strong></span> <span class='ocrx_word' id='word_1_252' title='bbox 379 3963 425 4028; x_wconf 88' lang='lat' dir='ltr'><strong>lV</strong></span> <span class='ocrx_word' id='word_1_253' title='bbox 448 3967 463 4030; x_wconf 91' lang='lat'>1</span> <span class='ocrx_word' id='word_1_254' title='bbox 486 3963 591 4050; x_wconf 65' lang='lat' dir='ltr'>(AD5)</span> <span class='ocrx_word' id='word_1_255' title='bbox 612 3969 644 4029; x_wconf 88' lang='lat' dir='ltr'><strong>et</strong></span> <span class='ocrx_word' id='word_1_256' title='bbox 662 3965 708 4029; x_wconf 88' lang='lat' dir='ltr'><strong>IV</strong></span> <span class='ocrx_word' id='word_1_257' title='bbox 728 3968 748 4029; x_wconf 80' lang='lat'>2</span> <span class='ocrx_word' id='word_1_258' title='bbox 770 3964 880 4050; x_wconf 64' lang='lat' dir='ltr'><strong>(Bnss).</strong></span> <span class='ocrx_word' id='word_1_259' title='bbox 928 3967 1018 4031; x_wconf 87' lang='lat' dir='ltr'><strong>Unus</strong></span> <span class='ocrx_word' id='word_1_260' title='bbox 1038 3974 1087 4031; x_wconf 91' lang='lat' dir='ltr'><strong>est</strong></span> <span class='ocrx_word' id='word_1_261' title='bbox 1107 3992 1134 4033; x_wconf 92' lang='lat' dir='ltr'><strong>v.</strong></span> <span class='ocrx_word' id='word_1_262' title='bbox 1154 3970 1228 4052; x_wconf 76' lang='lat'><strong>393,</strong></span> 
     </span>
     <span class='ocr_line' id='line_1_32' title="bbox 75 4065 1227 4157; baseline 0.003 -23"><span class='ocrx_word' id='word_1_263' title='bbox 75 4066 141 4134; x_wconf 79' lang='lat' dir='ltr'><strong>ubi</strong></span> <span class='ocrx_word' id='word_1_264' title='bbox 170 4073 199 4134; x_wconf 88' lang='grc' dir='ltr'>Α</span> <span class='ocrx_word' id='word_1_265' title='bbox 225 4070 469 4154; x_wconf 91' lang='lat' dir='ltr'><strong>Pamphilum</strong></span> <span class='ocrx_word' id='word_1_266' title='bbox 499 4065 643 4153; x_wconf 86' lang='lat' dir='ltr'><strong>exhibet,</strong></span> <span class='ocrx_word' id='word_1_267' title='bbox 672 4073 786 4156; x_wconf 89' lang='lat' dir='ltr'><strong>reliqui</strong></span> <span class='ocrx_word' id='word_1_268' title='bbox 814 4074 888 4136; x_wconf 90' lang='lat' dir='ltr'><strong>libri</strong></span> <span class='ocrx_word' id='word_1_269' title='bbox 918 4073 1227 4157; x_wconf 90' lang='lat' dir='ltr'><strong>Pamphilippum</strong></span> 
     </span>
     <span class='ocr_line' id='line_1_33' title="bbox 69 4163 1228 4265; baseline 0.003 -25"><span class='ocrx_word' id='word_1_270' title='bbox 69 4163 146 4258; x_wconf 70' lang='lat' dir='ltr'><strong>ita,</strong></span> <span class='ocrx_word' id='word_1_271' title='bbox 165 4183 202 4241; x_wconf 89' lang='lat' dir='ltr'><strong>ut</strong></span> <span class='ocrx_word' id='word_1_272' title='bbox 217 4177 361 4241; x_wconf 83' lang='lat' dir='ltr'><strong>defensio</strong></span> <span class='ocrx_word' id='word_1_273' title='bbox 377 4200 442 4242; x_wconf 89' lang='lat' dir='ltr'><strong>non</strong></span> <span class='ocrx_word' id='word_1_274' title='bbox 457 4180 587 4242; x_wconf 82' lang='lat' dir='ltr'><strong>exclusa</strong></span> <span class='ocrx_word' id='word_1_275' title='bbox 602 4180 690 4263; x_wconf 64' lang='lat' dir='ltr'><strong>sicr)</strong></span> <span class='ocrx_word' id='word_1_276' title='bbox 725 4180 831 4255; x_wconf 79' lang='lat' dir='ltr'><strong>Quare</strong></span> <span class='ocrx_word' id='word_1_277' title='bbox 845 4202 917 4243; x_wconf 91' lang='lat' dir='ltr'><strong>cum</strong></span> <span class='ocrx_word' id='word_1_278' title='bbox 932 4180 1228 4265; x_wconf 87' lang='lat' dir='ltr'><strong>Pamphilippus</strong></span> 
     </span>
     <span class='ocr_line' id='line_1_34' title="bbox 64 4268 1227 4368; baseline 0.003 -21"><span class='ocrx_word' id='word_1_279' title='bbox 64 4268 190 4347; x_wconf 82' lang='lat' dir='ltr'><strong>forma</strong></span> <span class='ocrx_word' id='word_1_280' title='bbox 209 4284 323 4347; x_wconf 88' lang='lat' dir='ltr'><strong>saltem</strong></span> <span class='ocrx_word' id='word_1_281' title='bbox 343 4283 376 4345; x_wconf 90' lang='lat' dir='ltr'><strong>in</strong></span> <span class='ocrx_word' id='word_1_282' title='bbox 395 4286 571 4347; x_wconf 89' lang='lat' dir='ltr'><strong>retraetata</strong></span> <span class='ocrx_word' id='word_1_283' title='bbox 590 4284 699 4348; x_wconf 84' lang='lat' dir='ltr'><strong>fabula</strong></span> <span class='ocrx_word' id='word_1_284' title='bbox 718 4286 891 4368; x_wconf 82' lang='lat' dir='ltr'><strong>exstiterit,</strong></span> <span class='ocrx_word' id='word_1_285' title='bbox 910 4306 1015 4349; x_wconf 89' lang='lat' dir='ltr'><strong>errore</strong></span> <span class='ocrx_word' id='word_1_286' title='bbox 1035 4290 1144 4351; x_wconf 83' lang='lat' dir='ltr'><strong>autem</strong></span> <span class='ocrx_word' id='word_1_287' title='bbox 1164 4309 1227 4351; x_wconf 91' lang='lat' dir='ltr'><strong>uno</strong></span> 
     </span>
     <span class='ocr_line' id='line_1_35' title="bbox 64 4372 1228 4476; baseline 0.008 -26"><span class='ocrx_word' id='word_1_288' title='bbox 64 4372 140 4454; x_wconf 89' lang='lat' dir='ltr'><strong>illo</strong></span> <span class='ocrx_word' id='word_1_289' title='bbox 156 4389 230 4454; x_wconf 90' lang='lat' dir='ltr'><strong>loco</strong></span> <span class='ocrx_word' id='word_1_290' title='bbox 249 4390 420 4472; x_wconf 87' lang='lat' dir='ltr'><strong>pristinam</strong></span> <span class='ocrx_word' id='word_1_291' title='bbox 440 4389 578 4454; x_wconf 83' lang='lat' dir='ltr'><strong>formam</strong></span> <span class='ocrx_word' id='word_1_292' title='bbox 599 4389 755 4455; x_wconf 86' lang='lat' dir='ltr'><strong>resedisse</strong></span> <span class='ocrx_word' id='word_1_293' title='bbox 775 4392 855 4455; x_wconf 92' lang='lat' dir='ltr'><strong>mihi</strong></span> <span class='ocrx_word' id='word_1_294' title='bbox 872 4392 999 4475; x_wconf 90' lang='lat' dir='ltr'><strong>quidem</strong></span> <span class='ocrx_word' id='word_1_295' title='bbox 1015 4392 1228 4476; x_wconf 88' lang='lat' dir='ltr'><strong>improbabile</strong></span> 
     </span>
     <span class='ocr_line' id='line_1_36' title="bbox 64 4487 1230 4584; baseline 0.004 -24"><span class='ocrx_word' id='word_1_296' title='bbox 64 4487 143 4578; x_wconf 66' lang='lat' dir='ltr'><strong>Sit,</strong></span> <span class='ocrx_word' id='word_1_297' title='bbox 161 4497 225 4561; x_wconf 89' lang='lat' dir='ltr'><strong>hoc</strong></span> <span class='ocrx_word' id='word_1_298' title='bbox 240 4518 357 4560; x_wconf 90' lang='lat' dir='ltr'><strong>nomen</strong></span> <span class='ocrx_word' id='word_1_299' title='bbox 375 4497 507 4560; x_wconf 89' lang='lat' dir='ltr'><strong>retinui:</strong></span> <span class='ocrx_word' id='word_1_300' title='bbox 531 4518 590 4560; x_wconf 92' lang='lat' dir='ltr'><strong>nec</strong></span> <span class='ocrx_word' id='word_1_301' title='bbox 605 4519 736 4581; x_wconf 90' lang='lat' dir='ltr'><strong>prorsus</strong></span> <span class='ocrx_word' id='word_1_302' title='bbox 751 4500 875 4562; x_wconf 85' lang='lat' dir='ltr'><strong>ratione</strong></span> <span class='ocrx_word' id='word_1_303' title='bbox 891 4520 996 4562; x_wconf 88' lang='lat' dir='ltr'><strong>carere</strong></span> <span class='ocrx_word' id='word_1_304' title='bbox 1011 4507 1230 4584; x_wconf 86' lang='lat' dir='ltr'><strong>exposuerunt</strong></span> 
     </span>
     <span class='ocr_line' id='line_1_37' title="bbox 65 4581 1227 4689; baseline 0.007 -25"><span class='ocrx_word' id='word_1_305' title='bbox 65 4581 246 4687; x_wconf 75' lang='lat' dir='ltr'><strong>Bergkius</strong></span> <span class='ocrx_word' id='word_1_306' title='bbox 269 4603 289 4665; x_wconf 93' lang='lat' dir='ltr'><strong>l.</strong></span> <span class='ocrx_word' id='word_1_307' title='bbox 310 4625 333 4666; x_wconf 90' lang='lat' dir='ltr'><strong>s.</strong></span> <span class='ocrx_word' id='word_1_308' title='bbox 353 4626 376 4665; x_wconf 90' lang='grc'><strong>1.</strong></span> <span class='ocrx_word' id='word_1_309' title='bbox 395 4626 425 4686; x_wconf 88' lang='lat' dir='ltr'><strong>p.</strong></span> <span class='ocrx_word' id='word_1_310' title='bbox 445 4604 509 4667; x_wconf 84' lang='lat'><strong>335</strong></span> <span class='ocrx_word' id='word_1_311' title='bbox 529 4608 562 4667; x_wconf 84' lang='lat' dir='ltr'><strong>et·</strong></span> <span class='ocrx_word' id='word_1_312' title='bbox 580 4603 770 4689; x_wconf 84' lang='lat' dir='ltr'><strong>Spengelius</strong></span> <span class='ocrx_word' id='word_1_313' title='bbox 787 4606 806 4669; x_wconf 93' lang='lat' dir='ltr'><strong>l.</strong></span> <span class='ocrx_word' id='word_1_314' title='bbox 826 4607 859 4668; x_wconf 94' lang='lat' dir='ltr'><strong>in</strong></span> <span class='ocrx_word' id='word_1_315' title='bbox 879 4606 950 4670; x_wconf 88' lang='lat' dir='ltr'><strong>adn.</strong></span> <span class='ocrx_word' id='word_1_316' title='bbox 969 4614 1227 4673; x_wconf 85' lang='lat' dir='ltr'><strong>commemorato.</strong></span> 
     </span>
    </p>
   </div>
   <div class='ocr_carea' id='block_1_5' title="bbox 69 4721 1226 4903">
    <p class='ocr_par' dir='ltr' id='par_1_9' title="bbox 69 4721 1226 4903">
     <span class='ocr_line' id='line_1_38' title="bbox 175 4721 1226 4825; baseline 0.009 -25"><span class='ocrx_word' id='word_1_317' title='bbox 175 4721 352 4818; x_wconf 57' lang='grc'><strong>11111111111]</strong></span> <span class='ocrx_word' id='word_1_318' title='bbox 386 4768 480 4804; x_wconf 85' lang='lat' dir='ltr'><strong>versus</strong></span> <span class='ocrx_word' id='word_1_319' title='bbox 500 4751 639 4806; x_wconf 86' lang='lat' dir='ltr'><strong>scribendi</strong></span> <span class='ocrx_word' id='word_1_320' title='bbox 663 4753 798 4807; x_wconf 85' lang='lat' dir='ltr'><strong>rationem</strong></span> <span class='ocrx_word' id='word_1_321' title='bbox 818 4771 901 4821; x_wconf 81' lang='lat' dir='ltr'><strong>quam</strong></span> <span class='ocrx_word' id='word_1_322' title='bbox 925 4771 977 4824; x_wconf 85' lang='lat' dir='ltr'><strong>ego</strong></span> <span class='ocrx_word' id='word_1_323' title='bbox 997 4755 1161 4825; x_wconf 84' lang='lat' dir='ltr'><strong>Spengelius</strong></span> <span class='ocrx_word' id='word_1_324' title='bbox 1186 4773 1226 4809; x_wconf 87' lang='lat' dir='ltr'><strong>se-</strong></span> 
     </span>
     <span class='ocr_line' id='line_1_39' title="bbox 69 4829 1067 4903; baseline 0.01 -24"><span class='ocrx_word' id='word_1_325' title='bbox 69 4829 167 4882; x_wconf 62' lang='grc' dir='ltr'><strong>ρ111111</strong></span> <span class='ocrx_word' id='word_1_326' title='bbox 189 4832 233 4883; x_wconf 85' lang='grc'><strong>111</strong></span> <span class='ocrx_word' id='word_1_327' title='bbox 251 4830 450 4898; x_wconf 82' lang='lat' dir='ltr'><strong>(Sitaungsber.</strong></span> <span class='ocrx_word' id='word_1_328' title='bbox 470 4832 518 4885; x_wconf 90' lang='lat' dir='ltr'><strong>der</strong></span> <span class='ocrx_word' id='word_1_329' title='bbox 537 4833 706 4888; x_wconf 77' lang='lat' dir='ltr'><strong>Mtincbener</strong></span> <span class='ocrx_word' id='word_1_330' title='bbox 725 4833 810 4890; x_wconf 87' lang='lat' dir='ltr'><strong>Acad.</strong></span> <span class='ocrx_word' id='word_1_331' title='bbox 830 4853 854 4888; x_wconf 88' lang='grc'><strong>1.</strong></span> <span class='ocrx_word' id='word_1_332' title='bbox 877 4841 943 4889; x_wconf 85' lang='grc'>1883</span> <span class='ocrx_word' id='word_1_333' title='bbox 962 4853 989 4903; x_wconf 93' lang='lat' dir='ltr'><strong>p.</strong></span> <span class='ocrx_word' id='word_1_334' title='bbox 1005 4838 1067 4902; x_wconf 77' lang='lat'>266)</span> 
     </span>
    </p>
   </div>
   <div class='ocr_carea' id='block_1_6' title="bbox 0 0 1470 5452">
    <p class='ocr_par' dir='ltr' id='par_1_10' title="bbox 0 0 1470 5452">
     <span class='ocr_line' id='line_1_40' title="bbox 0 0 1470 5452; baseline 0 1"><span class='ocrx_word' id='word_1_335' title='bbox 0 0 1470 5452; x_wconf 95' lang='lat' dir='ltr'><strong> </strong></span> 
     </span>
    </p>
   </div>
  </div>
 </body>
</html>
