2932 5452
161 760 195 828 V,
215 767 320 815 63-66
600 761 869 817 TRVCVLENTVS
1242 761 1305 828 153

670 921 773 976 Smin

158 1013 207 1077 To
222 1015 432 1099 peregrinus
445 1011 499 1078 hic
513 1033 573 1099 ego
587 1013 715 1079 habito:
734 944 820 1080 udilo
839 1003 910 1081 meo
926 1015 1076 1102 subigam
1090 1015 1227 1081 bubulo:
1250 1032 1302 1083 955

159 1119 265 1185 Picue
284 1121 324 1185 ad
348 1121 432 1186 hene
456 1122 539 1187 collo
563 1120 598 1186 in
622 1121 767 1185 crumina
786 1142 845 1205 ego
869 1121 1017 1205 ‹ibligaia
1040 1122 1158 1188 deifero.

623 1243 831 1297 &meroveicae

159 1330 246 1410 Quin
269 1333 408 1399 dedisti?

672 1456 793 1511 Sceleris

373 1546 420 1612 Vl
442 1548 564 1613 e'xiinxi
588 1548 762 1614 homiuem.

628 1670 829 1725 sineremus

704 1763 807 1827 Immo
833 1765 893 1849 e'go
916 1767 948 1829 le
971 1787 1058 1850 uero,
1082 1764 1141 1852 qui
1161 1766 1242 1831 dedi.
1274 1787 1302 1827 se

643 1886 816 1939 Pusouusivu

159 1977 174 2042 Ι
200 1977 287 2041 inire
312 1976 444 2060 omab03
469 1981 500 2041 ei
522 1980 559 2040 iu
578 1979 655 2062 e'rgo
680 1977 733 2041 abi
757 2000 776 2043 a
799 2000 863 2043 me:
891 1981 965 2062 prist
987 1983 1023 2044 iu
1047 1980 1111 2045 eris
1134 1985 1259 2046 mecam

957 2087 1094 2171 quidem.

229 2303 288 2351 956.
311 2297 476 2351 Priscianus
501 2294 545 2347 VI
556 2310 586 2362 p.
606 2260 1114 2365 270,13H.:(uetuslissimietiam
1135 2299 1199 2352 ‘hoc
1218 2301 1301 2368 pecu’

156 2376 231 2430 unde
256 2377 336 2430 ‘hoec
360 2377 460 2445 pecua'
485 2374 595 2444 plurale
621 2374 754 2429 dicebant
782 2376 980 2432 ...Plautus
1005 2377 1033 2431 in
1058 2378 1303 2450 Mercatore...)

158 2459 227 2512 item
246 2458 275 2512 in
294 2456 465 2512 Truculento
486 2456 604 2525 ‘pecua
623 2497 717 2509 .....
738 2454 867 2509 delero’

157 2697 217 2744 955.
237 2691 399 2759 peregrinus
418 2689 484 2742 libri
591 2702 643 2755 ego
667 2685 764 2740 habito
782 2687 918 2757 Anpelius
941 2694 1021 2758 alque
1044 2690 1170 2744 Balbine.
1204 2691 1302 2746 habile

157 2772 223 2824 libri
241 2771 358 2839 (llabilo
379 2769 445 2836 cD)
517 2782 579 2820 meo
599 2765 727 2835 subigam
746 2766 851 2850 bubulo
871 2767 911 2822 iili.
940 2787 1017 2824 meos
1040 2786 1113 2839 nego
1132 2770 1247 2824 ambulo
1265 2772 1300 2824 B.

157 2867 234 2903 meos
254 2852 351 2918 (timeo
372 2852 408 2918 Z)
429 2867 484 2903 nou
504 2865 556 2918 ego
575 2851 695 2915 (uonego
715 2847 747 2915 C)
768 2849 879 2902 ambulo
901 2848 1030 2913 ΟΜΖ,
1050 2852 1122 2904 uncle
1140 2868 1197 2903 non
1216 2853 1300 2906 raalio

156 2932 268 2985 meliora
287 2949 368 2998 quarn
387 2948 419 2983 ea
438 2929 642 2998 antiquioribus
656 2926 809 2981 Palmerius
823 2946 853 2997 p.
869 2934 932 2994 715,
951 2930 1099 2983 Acr'rlalins
1113 2947 1143 2998 p.
1164 2935 1228 2997 556,
1248 2933 1301 2986 alii

157 3012 327 3065 extricarunt
351 3011 482 3075 Balbine,
509 3008 668 3078 Spenpelius
693 3007 777 3073 (nune
802 3011 905 3075 messi,
933 3024 1000 3078 ergo
1024 3009 1138 3064 ambula
1163 3012 1303 3084 scribens),

157 3092 304 3160 Machlyae
323 3093 339 3145 l.
359 3109 379 3145 e.
398 3108 419 3144 s.
435 3107 465 3158 p.
485 3093 552 3154 126,
576 3089 690 3156 deniqne
709 3087 838 3158 Buppius
857 3090 874 3141 l.
893 3104 914 3142 e.
934 3103 955 3141 e.
970 3105 1002 3156 p.
1022 3092 1089 3155 419,
1109 3091 1157 3158 qui
1175 3108 1303 3147 nummos

156 3189 212 3224 non
227 3170 398 3225 Babulonioe
412 3169 543 3239 prouidit
615 3173 675 3222 956.
691 3166 811 3236 pecunie
825 3169 855 3220 D
873 3174 937 3222 ante
953 3184 1009 3222 rae.
1066 3169 1138 3222 eollo
1158 3170 1304 3225 nerumina

158 3255 193 3318 (el
211 3251 335 3317 neruine,
354 3252 426 3305 unde
445 3251 620 3304 bariolenlur
638 3247 793 3302 Lambinus
806 3253 831 3301 et
852 3247 1007 3301 Palmerias
1026 3266 1055 3317 p.
1079 3252 1143 3319 716)
1164 3266 1217 3319 ego
1238 3250 1303 3305 Pri·

156 3334 274 3385 scianus.
304 3348 356 3399 ego
375 3330 543 3384 luctamina
572 3327 716 3398 (emmina
736 3328 802 3396 012)
817 3328 895 3382 libri:
924 3329 959 3394 cf.
984 3329 1134 3384 Muellerus
1160 3330 1301 3385 ‘Nudae'

153 3429 182 3480 p.
203 3417 238 3466 79
285 3412 416 3481 Napaiar
439 3411 577 3480 Bcrpbius
600 3411 616 3466 l.
641 3427 662 3464 s.
681 3427 701 3464 s,
717 3427 747 3478 p.
768 3413 802 3462 69
816 3425 853 3477 ep.
878 3415 968 3478 spreta
994 3410 1138 3465 Prisciani
1159 3414 1301 3481 scriplrrra

157 3491 281 3559 deligato
301 3494 432 3546 balaneus
539 3498 599 3546 bol.
624 3491 696 3556 Quid
719 3488 804 3556 (Quin
823 3487 866 3558 S)
890 3487 992 3544 dedisti
1010 3490 1143 3558 Balbine,
1166 3498 1235 3546 recte
1252 3493 1302 3546 boc

156 3573 239 3623 nibli
257 3573 386 3637 redden,
405 3588 461 3625 uon
478 3578 548 3625 recle
566 3572 649 3624 eidem
668 3572 773 3639 reliqua
790 3575 901 3638 praeter
920 3569 1006 3624 immo
1031 3588 1083 3640 ego
1107 3573 1135 3625 le
1159 3589 1226 3625 uero
1251 3573 1301 3624 iri-

156 3653 248 3705 baens.
282 3650 348 3716 quid
368 3649 455 3718 (Quid
466 3651 502 3716 B)
518 3649 583 3702 dedi
601 3649 674 3702 libri.
703 3650 821 3702 aliorum
835 3656 982 3703 commento
997 3658 1067 3703 recle
1081 3653 1196 3717 eeplosic
1212 3653 1302 3705 llluel·

156 3733 228 3782 leras
243 3746 272 3796 p.
294 3733 336 3783 75.
357 3733 411 3782 674
430 3745 514 3796 neque
531 3730 627 3781 melius
646 3744 705 3780 earn
725 3728 848 3781 Kocbino
866 3730 898 3782 in
917 3729 1050 3782 Fleckeis.
1070 3747 1135 3783 arere.
1157 3737 1175 3784 i.
1197 3730 1248 3782 oV
1263 3735 1301 3795 (a.

158 3813 241 3874 1⁸72)
256 3826 284 3876 p.
305 3814 359 3861 3⁶8
374 3813 522 3876 praeeunte
534 3807 702 3874 Kiesslinpio
722 3805 798 3870 Quae
818 3807 891 3861 dabo
911 3806 967 3860 iem
983 3810 1154 3862 continuarit
1172 3809 1303 3865 Strabaci

156 3897 212 3942 luni
233 3889 436 3943 Slrrrlemunrlns
459 3889 535 3956 aprul
554 3887 703 3941 Luclnr'urn
726 3888 757 3940 in
776 3887 854 3942 Slrcd.
876 3889 896 3940 I
909 3905 938 3956 p.
960 3890 996 3938 39
1020 3888 1100 3941 cerba
1124 3889 1219 3942 deiecit
1239 3898 1302 3958 poci

157 3967 290 4022 destrinxi
305 3970 376 4022 acini
395 3968 468 4023 inito
487 3968 584 4022 miliar
602 3967 730 4035 supplens
830 3970 862 4021 ui
880 3965 985 4021 extinxi
1005 3966 1045 4020 S.
1079 3968 1110 4022 ut
1128 3967 1246 4022 dixi-iuri
1264 3972 1301 4023 B.

158 4047 304 4101 uldislinxi
329 4049 352 4102 0
373 4067 433 4104 crem
451 4048 482 4103 Ζ.
515 4050 548 4101 ul
572 4045 704 4099 distincxi
727 4047 764 4102 D.
803 4048 835 4101 ui
858 4046 985 4101 distrinxi
1011 4047 1036 4099 L
1060 4066 1121 4101 cum
1148 4048 1237 4102 Valla.
1271 4053 1303 4103 ut

158 4126 274 4180 discinxi
296 4128 366 4183 Pius
385 4130 467 4199 (quod
486 4128 594 4182 ileracil
612 4126 740 4196 Buppiue
757 4129 788 4181 in
809 4129 910 4183 Pbilol.
930 4135 950 4182 l.
966 4128 1082 4180 XXXI
1094 4145 1122 4195 p.
1136 4133 1193 4182 262
1211 4135 1235 4182 ei
1253 4146 1302 4181 an-

158 4213 201 4260 lea
220 4207 357 4262 Goellerus
378 4208 456 4272 Quod
476 4207 540 4262 dedi
560 4210 591 4261 ui
609 4206 743 4263 discinxit
755 4209 886 4277 scribens)
957 4210 985 4262 ie
1005 4209 1069 4261 add.
1085 4208 1212 4274 Bolbius,
1231 4210 1302 4278 qaod

157 4290 246 4341 ornilli
265 4294 321 4341 ian
340 4291 446 4342 (lenum
460 4294 564 4358 pessel,
582 4289 608 4341 si
621 4290 653 4342 cle
671 4290 749 4342 terlio
768 4289 861 4357 aliquo
881 4288 1008 4342 ‘benninc'
1025 4289 1144 4341 calincto
1168 4294 1302 4344 certarent

229 4374 288 4421 958.
309 4369 320 4420 Ι
338 4367 411 4422 intro
432 4370 464 4422 Z.
497 4370 528 4422 In
546 4367 621 4421 intro
639 4367 674 4421 B.
707 4367 810 4421 ininiro
831 4367 859 4422 C.
879 4366 908 4421 in
927 4367 1001 4421 intro
1020 4367 1056 4422 D.
1089 4367 1166 4420 iutro
1185 4367 1212 4419 L

157 4455 188 4503 lu
207 4467 273 4517 ergo
293 4449 340 4503 abi
355 4468 372 4502 a
386 4465 443 4502 me:
462 4451 528 4518 posi
546 4450 576 4501 lu
591 4446 631 4501 u.
664 4450 696 4501 tu
710 4465 795 4519 aergo
810 4465 828 4501 e
841 4449 921 4502 mecii
936 4450 967 4501 lu
981 4447 1016 4501 B.
1050 4463 1135 4516 aergo
1155 4463 1217 4499 ame
1232 4447 1301 4501 Cum

157 4535 187 4585 lu
209 4531 271 4584 Ol).
305 4548 371 4599 ergo
391 4547 408 4582 a
426 4529 472 4597 (ad
493 4529 529 4594 Z)
553 4545 597 4581 me
621 4545 683 4581 cum
706 4530 737 4581 lu
761 4528 823 4582 LZ.
857 4528 980 4583 Frustra
1003 4529 1067 4580 olin
1090 4527 1254 4581 laborarunt
1277 4536 1301 4583 el

158 4612 209 4664 olii
227 4618 251 4664 et
270 4610 416 4663 Acidaliae
430 4625 460 4677 p.
472 4612 541 4674 557;
558 4609 659 4662 vitiosa
672 4608 841 4676 Spenpelinc,
856 4610 959 4662 debilia
976 4607 1146 4661 Donbarins
1155 4626 1185 4676 p.
1197 4613 1251 4663 738
1262 4627 1300 4680 sp.

158 4691 353 4760 Maeblpnsque
377 4708 407 4759 p.
426 4693 484 4743 126
508 4689 724 4752 constituerem
756 4688 864 4758 aliquid
893 4688 1097 4765 §tedemandus
1122 4691 1264 4757 perspexit
1282 4691 1299 4746 l.

156 4788 177 4824 s.
196 4787 216 4823 s.
250 4770 354 4825 linire
373 4767 473 4822 amabo
492 4767 524 4821 ba
543 4784 609 4838 ergo
624 4783 749 4824 mecum:
770 4784 831 4822 cres
849 4770 881 4822 lu
899 4769 1019 4823 scribens
1090 4784 1169 4821 mecu
1189 4767 1217 4822 B

157 4850 471 4956 &emma
