2932 5452
170 744 230 812 01,
251 750 364 799 10-1c.
388 749 414 811 a,
436 750 504 798 1-c
662 744 810 799 livorna
1265 745 1307 808 29

168 905 274 973 Postid
298 908 460 992 piscatum
483 906 673 972 hamatilem
693 912 727 972 et
750 908 919 972 saxttilem
943 905 1160 992 adgredimur,

165 1011 276 1079 Gibdrn
302 1017 473 1098 captamus
496 1017 514 1077 d
538 1015 632 1079 mari:
657 1015 684 1078 si
708 1017 844 1079 euentus
868 1036 935 1079 non
959 1014 1066 1079 euenit
1256 1031 1309 1078 300

165 1120 277 1205 Neque
301 1118 476 1206 quicquam
500 1125 666 1205 captumst
687 1118 841 1207 piscium,
864 1119 945 1186 salsi
966 1121 1110 1205 lautique
1133 1124 1211 1204 pure

158 1225 302 1292 Domdm
325 1227 467 1294 redimus
490 1227 687 1311 clanculum,
709 1226 886 1293 dormimus
909 1228 1060 1292 incenati.

158 1334 267 1418 Atque
290 1338 327 1398 dt
351 1358 437 1401 nunc
460 1334 566 1400 ualida
589 1334 723 1400 fluctuat
745 1357 849 1419 mare,
871 1335 964 1399 nulla
985 1335 1082 1400 nobis
1105 1337 1180 1419 apris
1204 1339 1267 1400 est:

156 1439 232 1504 Nisi
255 1439 337 1525 quid
360 1441 556 1506 concharum
580 1441 758 1525 eripuimus,
782 1443 815 1505 in
839 1445 938 1506 caeno
962 1463 1072 1506 sumus
1095 1440 1250 1525 profecto.

157 1545 254 1612 Nunc
283 1546 443 1613 Ve'nerem
472 1548 556 1613 hanc
585 1552 776 1613 ueneremur
804 1549 937 1632 bonam,
971 1552 1008 1613 ut
1035 1570 1094 1612 noa
1122 1548 1227 1631 lepide
1256 1549 1308 1612 ad-

932 1656 1027 1719 iuerit
1049 1655 1152 1718 hddic.
1256 1671 1307 1719 300

453 1868 716 1925 nmonfflo.
753 1869 1016 1925 Pmcnnoans

648 1982 829 2036 Tnactnnmo

158 2070 317 2137 Animum
342 2071 513 2137 adnoraaui
537 2072 664 2157 sddulo,
688 2095 729 2136 ne
753 2094 843 2137 erum
867 2077 1002 2156 usquam
1027 2070 1252 2157 praeterirem:

156 2176 247 2242 Nam
270 2178 367 2262 qudm
390 2177 487 2244 modo
510 2179 620 2244 exibat
643 2179 746 2263 foras,
771 2179 810 2243 ad
834 2180 964 2264 portum
989 2199 1023 2242 se
1047 2179 1136 2242 aibat
1158 2176 1219 2242 ire:

157 2284 214 2348 Me
239 2284 302 2349 huc
325 2285 456 2350 dbuiam
479 2284 576 2350 iussit
599 2287 662 2351 sihi
687 2285 797 2351 uenire
821 2285 861 2350 ad
886 2284 1021 2349 Veneris
1043 2285 1165 2350 fanum.

155 2389 224 2455 Sed
248 2394 329 2474 quoa
352 2396 523 2476 perconter
546 2393 713 2458 commode
737 2415 828 2459 eccos
852 2390 946 2457 uideo
970 2393 1113 2458 adstare:
1139 2388 1260 2456 adbito.

157 2494 291 2561 Saluete
313 2495 402 2561 furas
427 2499 605 2583 maritumi,
629 2496 797 2565 conchitae
821 2502 916 2582 atque
939 2499 1111 2581 tamicae,
1255 2515 1307 2561 310

156 2603 324 2667 Famdtica
347 2604 515 2667 hominum
538 2606 641 2670 mitio:
665 2606 741 2690 quid
765 2606 877 2688 agitis,
901 2608 937 2668 ut
960 2603 1094 2688 peritis?

234 2793 293 2840 399,
314 2788 347 2840 Ρ’
367 2788 395 2841 id
416 2791 477 2857 (sic)
497 2789 530 2842 Β.
560 2792 626 2858 post
644 2788 672 2842 id
692 2791 772 2843 ceteri
853 2787 1057 2841 hammattilcm
1078 2786 1182 2840 00²0*
1198 2788 1306 2854 (haura-

159 2867 301 2920 393911)ι
321 2885 382 2922 cum
400 2869 472 2935 ΒΖ)
564 2870 744 2939 aggredimur
761 2869 792 2923 Z.
822 2868 985 2937 adgreditur
1005 2867 1101 2922 GDF.
1130 2867 1307 2935 acgreditur

158 2949 188 3001 Β
279 2955 337 3002 399.
359 2950 459 3016 cybum
479 2949 508 3001 D
598 2949 693 3003 euenit
711 2950 835 3002 Bothiua.
873 2949 951 3001 uenit
974 2949 1040 3001 libri
1058 2946 1094 3015 U)
1185 2952 1245 3001 301.
1265 2950 1308 3001 est

157 3027 228 3079 libri
303 3026 344 3080 cal
364 3027 418 3081 aila
436 3028 532 3097 ntique
552 3046 619 3101 purrg
638 3029 666 3081 B
748 3036 807 3083 302.
827 3029 950 3100 incenati
969 3029 1025 3081 0¹1)
1105 3033 1165 3082 303.
1185 3031 1217 3080 ut
1235 3045 1307 3080 nunc

160 3101 255 3158 CDF
258 3106 290 3159 Z.
308 3108 344 3158 πο
364 3108 390 3159 Β
459 3113 519 3162 394.
540 3109 576 3176 qu
596 3108 652 3175 10¹,
670 3125 738 3163 corr.
759 3108 808 3161 ])³.
836 3108 898 3176 quit
915 3109 951 3161 Β.
976 3108 1050 3174 quod
1070 3106 1128 3159 ΒΖ
1197 3108 1307 3160 concta-

158 3204 223 3239 rum
242 3186 343 3240 300¹
368 3188 530 3255 (19993)
631 3188 660 3242 in
679 3204 765 3242 caeno
784 3188 824 3244 00.
863 3188 986 3241 incenati
1006 3189 1072 3242 libri
1090 3188 1224 3259 (incenati
1243 3186 1306 3241 01).

158 3267 301 3320 incoenati
320 3267 357 3335 Ζ)
377 3284 409 3320 er
428 3285 451 3321 0.
472 3272 528 3324 302
541 3269 586 3336 ¹(t)
675 3276 734 3322 305.
760 3269 899 3323 adiuuerit
918 3270 996 3334 libri,
1019 3286 1087 3323 corr.
1108 3262 1309 3337 Fuci-caenas,

158 3346 303 3399 Bentlciua
323 3346 359 3414 (¹⁸)

234 3428 294 3478 Act.
310 3427 330 3477 I
334 3427 352 3477 I
371 3426 442 3480 Sc2
496 3427 717 3482 00001101210
738 3432 780 3497 (ia
798 3431 852 3496 sinc
865 3447 889 3484 υ.
905 3433 970 3495 300)
990 3427 1129 3481 SERVVS
1149 3428 1196 3482 ET
1216 3429 1306 3484 IDEM

159 3504 266 3559 elsua
281 3505 301 3557 0
318 3505 354 3558 D.
385 3506 515 3561 Tracalio
534 3524 631 3561 acruua
651 3511 680 3561 et
697 3509 782 3562 iidem
801 3509 878 3577 pisca
892 3509 922 3560 Z.
944 3507 1072 3562 'l'racalio
1088 3525 1192 3562 seruus.
1217 3510 1307 3563 l‘ieca-

157 3590 237 3639 tores
257 3585 293 3638 F.
312 3587 397 3639 uniam
415 3603 439 3639 0.
459 3593 529 3654 apat.
545 3587 603 3641 ΒΟ
655 3594 714 3642 399.
732 3588 787 3642 ΤΒ.
802 3605 902 3656 pruna.
919 3587 949 3640 D
1007 3589 1138 3642 Animum
1158 3591 1307 3643 aduorcani

158 3666 281 3718 Bothiac
296 3672 358 3733 post
378 3667 561 3722 Wascldcum.
599 3669 700 3721 Animo
720 3667 868 3721 aduersarii
888 3668 939 3734 (vel
958 3667 1086 3735 aridaaui)
1106 3669 1172 3721 libri
1242 3684 1307 3720 uce-

159 3745 232 3799 rum*
257 3762 340 3813 quam
360 3747 395 3800 Β.
428 3763 462 3800 nc
486 3764 596 3802 eramus
617 3766 700 3815 quam
721 3747 801 3803 012¹.-
824 3763 892 3801 corr.
913 3746 954 3799 102
1061 3748 1223 3815 preterirenr
1244 3748 1306 3801 CF.

159 3826 347 3894 praeterimus
367 3826 394 3878 Β
475 3832 535 3881 397.
555 3845 618 3881 cum
638 3830 704 3882 libri
784 3828 866 3896 portri
885 3844 924 3880 aa
942 3828 1026 3896 purtd
1045 3830 1076 3881 in
1093 3828 1121 3879 Β
1139 3830 1176 3880 sit
1193 3830 1308 3881 (lectiam

235 3905 329 3958 aiebat
348 3904 377 3957 1)
399 3921 433 3960 ea·
451 3921 518 3960 corr.
540 3906 604 3961 ΒΖ,
638 3908 734 3961 aicbat
751 3907 867 3979 Dante
890 3923 958 3960 corr.
977 3908 1045 3961 130:
1072 3925 1142 3962 corr.
1162 3908 1308 3960 Acidaliae

158 3984 228 4038 Dio.
246 4001 274 4053 p.
294 3988 348 4039 437
421 3991 479 4038 393.
500 3985 584 4039 Iuaait
602 3989 663 4055 (cic)
682 3989 708 4040 Β
781 3994 840 4041 399.
860 4004 910 4055 por
929 3989 1025 4041 conten
1045 3988 1073 4039 0.
1097 3989 1260 4055 percunctor
1280 3986 1310 4038 F

234 4081 315 4118 eccos
335 4063 418 4118 uideo
437 4065 487 4117 0³.
526 4082 611 4121 eccon
630 4068 653 4119 ai
671 4068 754 4122 uideo
773 4068 808 4121 B.
837 4067 877 4120 Eo
897 4070 940 4133 (aa
960 4065 1009 4135 Ec)
1029 4066 1178 4119 consuideo
1199 4066 1227 4118 0¹.
1256 4066 1306 4118 lto-

157 4163 229 4199 cona
249 4146 301 4213 (Eo
316 4162 350 4199 ea
365 4146 413 4212 Ec)
428 4146 510 4198 uideo
525 4146 574 4200 D¹.
595 4163 642 4200 eoa
657 4163 727 4216 quoa
743 4149 824 4202 uideo
838 4148 870 4200 Ζ.
891 4165 938 4200 coe
953 4148 1035 4200 uideo
1050 4148 1080 4199 F
1135 4152 1227 4201 natura
1242 4150 1308 4202 libri

234 4224 333 4278 adbito
351 4224 392 4280 dd.
417 4225 494 4278 adito
514 4226 611 4279 1301).
635 4227 718 4282 adibo
740 4228 770 4280 F
773 4229 798 4280 Ζ
815 4230 851 4297 (*)
932 4234 991 4280 319.
1012 4246 1102 4280 morea
1123 4229 1152 4280 F
1226 4231 1308 4283 mari-

155 4307 223 4359 timi
243 4306 311 4358 libri
382 4304 510 4359 conchite
530 4307 614 4372 atque
635 4307 752 4361 hamitte
772 4309 802 4361 F
881 4314 1038 4362 311-317.
1059 4311 1106 4362 Sic
1125 4311 1165 4362 B:

272 4387 413 4440 h'ametica
431 4385 549 4440 hominii
567 4387 645 4441 natio
664 4388 730 4455 quid
751 4389 834 4457 agitis
855 4391 885 4442 ut
903 4390 1001 4457 peritis

413 4468 450 4521 Vt
468 4466 607 4536 piscatore
627 4468 700 4540 pquri
717 4472 760 4522 eet
779 4469 852 4522 farne
873 4469 951 4535 uitiq,
971 4484 1047 4537 apeqs

412 4547 452 4600 Ec
471 4548 525 4614 qud
545 4546 723 4601 adulescenti·
743 4550 797 4601 huc
816 4548 851 4601 dir
872 4549 918 4601 hic
937 4549 1037 4601 astatis

271 4625 390 4680 Strenua
408 4626 480 4680 facia
498 4626 683 4680 rubicundum
702 4628 775 4682 fortir
794 4629 841 4696 qui
860 4632 916 4682 tres

270 4705 392 4760 Duceret
409 4705 578 4761 clamidatoa
598 4709 631 4761 cii
651 4709 798 4762 macheriis
818 4708 914 4762 uidisti
934 4710 993 4762 seni

378 4786 464 4840 Nulld
483 4788 554 4840 istac
574 4789 644 4861 hrcie
663 4793 695 4843 ut
712 4791 808 4859 pdicas
828 4790 938 4842 uenisse
957 4791 1011 4842 huc
1031 4790 1107 4843 acim'

377 4884 509 4935 ecquem
530 4869 654 4922 Itecaluii
674 4872 704 4922 at
723 4870 814 4923 sitand
835 4875 900 4923 send
920 4872 1029 4924 statutd
1049 4870 1192 4925 uentriosu
