2934 5048
112 300 127 353 1
147 305 172 368 s,
186 305 292 355 ee-ro
582 297 794 355 esevnolvs
1216 299 1259 363 39

202 461 249 526 Te
273 460 417 547 deungr's.
456 460 527 526 sr'ne
549 462 658 526 modo:

111 567 360 653 Reprehendam
388 568 496 633 hercle
524 589 585 653 ego
610 571 725 633 222222
749 591 813 633 una
836 589 947 652 opera,
977 567 1041 632 m'si
1070 568 1197 652 quidem
1220 573 1258 632 22

912 675 990 740 haee
1014 675 1124 740 dmnia

273 779 365 846 Fdeis
389 781 502 846 effecta
525 782 606 864 quae'
630 779 770 866 loquor.)

111 905 162 970 Τ2
187 909 297 971 erilem
321 927 402 989 quae
425 927 484 989 pro
508 906 612 989 cdpile
636 910 804 988 argentum
828 903 909 969 nulri
937 907 1001 968 iam
1025 906 1153 988 iamque
1177 909 1256 970 sem·

910 1033 968 1095 per
989 1032 1150 1096 numeras,
1204 1028 1256 1076 222

110 1118 202 1194 Quae
236 1118 357 1202 pacisci
388 1117 484 1184 mddo
518 1119 596 1200 seis,
628 1117 683 1183 sed
716 1117 800 1202 quod
837 1115 959 1201 pactas
995 1140 1060 1182 non
1097 1119 1159 1183 scis
1197 1119 1257 1183 sdl·

910 1246 995 1307 uere,

108 1328 338 1416 Phoenicium,
382 1332 443 1396 tibi
485 1351 545 1415 ego
585 1331 665 1396 hade
706 1331 834 1416 loquor,
883 1328 1016 1396 deliciae
1059 1335 1255 1396 summaldm

910 1438 1029 1502 uirum:

149 1566 198 1571 --
202 1563 323 1573 “-

107 1693 168 1747 seio
186 1693 219 1746 22
237 1693 280 1747 vel
298 1692 347 1746 sed
365 1693 409 1757 22,
430 1691 500 1758 seio,
520 1689 612 1746 oleum
626 1690 786 1761 spenpelr'es
804 1691 821 1747 l.
836 1707 857 1746 s.
873 1707 894 1745 s.
909 1708 939 1760 p.
955 1693 1009 1745 144
1022 1692 1087 1746 adn.
1138 1705 1205 1747 222
1219 1692 1254 1747 A.

107 1775 184 1830 haud
203 1774 305 1843 reliqui
395 1773 449 1827 Sed
468 1771 526 1827 scio
545 1774 576 1825 tu
595 1771 688 1826 oleum
708 1772 762 1825 hau
781 1770 1008 1840 magnipendis:
1032 1770 1097 1825 uino
1116 1775 1144 1826 22
1164 1771 1254 1840 ungis.

107 1855 169 1910 eine
188 1854 273 1909 modo
289 1853 422 1908 Urenmrs
476 1858 536 1906 222.
556 1850 689 1916 22222222
706 1854 834 1917 numme
848 1852 884 1905 A.
903 1853 932 1904 te
947 1851 1072 1904 deuineis
1087 1851 1255 1907 BCDFZ:

107 1936 184 1990 unde
202 1934 244 1988 Te
264 1932 381 2001 deungls
402 1933 541 1986 Palmen'e
559 1933 626 1987 duee
643 1930 797 1995 Acidaliae.
839 1928 881 1983 Tu
905 1933 934 1985 22
953 1929 1071 2000 deungis
1090 1931 1255 1987 Rilselseliws

180 2015 221 2069 Te
241 2014 360 2084 deungis
384 2013 443 2068 sine
462 2013 544 2067 modo
567 2013 710 2082 coniunpit
728 2011 889 2080 Spenpelius
919 2012 936 2064 l.
951 2026 972 2064 e.
987 2026 1008 2064 e.
1069 2011 1099 2065 V.
1116 2015 1180 2066 223.
1194 2015 1254 2068 224

108 2098 150 2149 ila
173 2094 317 2150 ommutuit
340 2093 381 2145 A:
408 2108 522 2161 quorum
540 2093 622 2161 prior
644 2092 807 2146 terminatur
829 2106 891 2146 voce
913 2090 982 2158 nisi,
1009 2091 1077 2144 alter
1101 2090 1201 2160 loquor
1223 2095 1254 2147 in

107 2175 222 2242 reliquis
328 2177 388 2226 223.
417 2171 507 2239 Repre
535 2171 657 2224 hendam
681 2171 716 2225 B.
774 2163 987 2240 reprehendam
1006 2171 1190 2241 (rephendam
1213 2173 1255 2241 D)

109 2252 239 2308 CDFZ.
273 2250 435 2319 Rependam
455 2252 602 2321 Anyels'us,
621 2253 780 2306 Acidalius:
813 2251 895 2320 ‘quod
917 2257 974 2305 lam
997 2267 1051 2305 esse
1073 2255 1254 2308 necessarium

107 2336 233 2399 videtur,
251 2337 282 2386 ul
296 2332 329 2386 de
342 2332 426 2386 multo
439 2331 614 2402 pravioribus
632 2333 721 2387 turbis
734 2332 855 2400 suspicer
870 2337 893 2384 el
907 2332 979 2386 velut
992 2331 1042 2385 222
1054 2333 1174 2401 eaeemplo
1187 2335 1253 2389 scri·

102 2424 192 2492 prim
206 2425 317 2491 poetam
334 2420 481 2474 coniciam:
506 2400 701 2476 Vnotiuseuler
720 2421 779 2475 seio
798 2419 940 2475 lutoldum
954 2418 1011 2473 hau
1025 2420 1121 2489 mdgni
1140 2421 1251 2490 pendis:

107 2506 175 2557 uino
193 2505 223 2556 te
242 2500 333 2569 ungis.
347 2498 436 2568 lSine
451 2500 545 2555 modo:
565 2502 716 2570 rependam
730 2518 782 2570 ego
798 2502 898 2554 222222
913 2500 1035 2553 hercle'
1020 2516 1075 2554 222
1089 2516 1184 2570 opere,
1199 2500 1252 2555 nisi

106 2587 140 2637 22
159 2579 256 2636 622222,
278 2579 361 2634 hodie
375 2583 385 2648 l
399 2579 418 2633 F
421 2579 478 2634 ders
502 2579 602 2635 effecta
625 2580 695 2635 haec
718 2582 790 2649 quae
808 2579 839 2634 l.’
882 2579 1060 2634 Rilsrlrelius:
1085 2596 1199 2649 quorum
1222 2584 1254 2637 in

107 2662 198 2716 medio
224 2662 275 2714 hoe
298 2661 398 2714 conicit
419 2659 584 2715 erbcclcius
601 2660 692 2728 praes.
714 2661 790 2714 Men.
806 2677 835 2728 p.
858 2659 930 2713 XV:
953 2657 1167 2727 derehendam
1190 2678 1252 2730 ego,

104 2741 261 2810 rependam
294 2740 395 2794 222222
422 2757 477 2793 222
504 2743 602 2809 dpera,
634 2740 688 2793 nisi
716 2737 800 2793 hodie
828 2740 934 2794 dmnis:
966 2739 1015 2793 sbi
1041 2739 1252 2808 Reprehendam

105 2820 203 2875 hercle
224 2835 276 2889 ego
296 2821 398 2873 222222
411 2836 466 2874 una
480 2837 573 2890 opera,
593 2820 646 2873 nisi
660 2822 691 2872 22
706 2816 823 2873 hoeedie
838 2820 907 2873 haec
922 2819 1016 2873 dmnie
1036 2819 1168 2874 Usenerus
1182 2820 1251 2875 Nov.

104 2901 204 2955 annal.
224 2901 274 2954 vol.
288 2898 361 2953 XCI
375 2902 510 2967 (21865)
526 2905 617 2969 2264
635 2905 659 2954 et
678 2900 753 2953 dee.
803 2899 860 2968 Ego
880 2898 992 2966 quidem
1012 2899 1164 2967 rependam
1183 2899 1252 2954 haec

106 2979 203 3034 hercle
219 2982 320 3032 cuncta
335 2995 390 3031 uns
403 2996 495 3049 opera,
510 2982 541 3032 22
556 2980 608 3032 nisi
624 2978 708 3032 hodie
723 2979 913 3033 Fleckeiserrur
976 2980 1068 3032 hercle
1084 2996 1136 3048 ego
1151 2982 1252 3033 222222

110 3096 255 3150 Usenerus.
297 3107 656 3150 220222222222222222
685 3096 719 3148 A.
772 3110 823 3163 ego
843 3097 943 3148 222222
961 3095 1054 3148 hercle
1073 3057 1191 3159 (herede
1210 3097 1252 3162 D)

103 3175 280 3242 BODFZ,
299 3173 465 3229 Bitschelius
536 3188 660 3242 ‘remo
679 3175 713 3228 A.
743 3175 826 3228 hodie
846 3177 878 3226 22
896 3173 1064 3242 BGDFZ,
1084 3175 1250 3247 Spenyeliue.

103 3256 193 3310 hodie
217 3254 287 3310 haee
311 3255 477 3309 Rdscleelr'us
583 3255 626 3308 De
649 3256 719 3308 hsec
747 3254 841 3308 omnis.
866 3271 926 3308 eum
951 3255 1055 3309 dubitet
1078 3256 1251 3324 1222222222,

101 3339 147 3391 sr'c
175 3336 280 3390 densum
310 3336 416 3388 rationi
442 3336 570 3402 satisfieri
602 3336 626 3387 ei
653 3336 774 3400 videtur,
810 3339 842 3387 erl
875 3334 940 3387 Sine
972 3335 1067 3388 modo:
1101 3341 1251 3407 rependam

103 3432 161 3484 ego
189 3420 290 3469 cuneta
314 3432 371 3468 222
397 3431 493 3483 opera,
519 3415 573 3468 nisi
599 3414 709 3482 quidem
737 3415 767 3467 22
793 3414 887 3467 hercle
912 3414 995 3467 hodie
1020 3417 1158 3471 scribatur

102 3503 169 3551 224.
189 3508 621 3562 2222222222222222222222
634 3495 669 3546 A.
697 3494 767 3546 fasir
787 3493 905 3547 scelesta
920 3494 1050 3565 (aplestia
1065 3495 1092 3549 0.
1122 3498 1251 3552 scelestis

103 3578 149 3640 D)
171 3577 240 3629 haec
259 3574 326 3648 (hec
346 3575 415 3628 BD.
445 3576 497 3628 hae
519 3573 891 3642 0)ut10qu0rBODFZ
960 3578 1021 3627 225.
1041 3586 1152 3640 222222
1171 3578 1196 3629 A

102 3658 164 3711 iam
189 3655 300 3724 iamque
323 3672 432 3723 semper
460 3654 605 3721 Usenerus,
631 3655 782 3709 Muellerus
806 3655 881 3708 Pros.
903 3671 932 3722 p.
959 3657 1019 3706 171.
1057 3653 1111 3706 iem
1139 3656 1250 3725 iamque

99 3735 205 3802 ridieqs
224 3735 264 3800 D)
284 3751 351 3804 sepe
369 3738 466 3803 (saepe
480 3735 515 3800 Z)
530 3733 693 3803 BGDFZ,
710 3737 767 3789 m'ei
785 3736 857 3803 prod
872 3735 954 3802 prius
973 3733 1028 3785 iam
1043 3748 1093 3786 om.
1110 3733 1145 3789 F.
1169 3751 1251 3792 2122.

102 3816 176 3882 pared
191 3816 359 3881 22212222
379 3821 403 3868 et
418 3820 481 3885 pest
494 3819 565 3868 4-5
580 3815 632 3867 litt.
649 3832 718 3881 quae
736 3816 788 3884 lepi
807 3819 941 3882 nequeunt
959 3814 991 3866 in
1009 3829 1077 3867 novo
1094 3832 1118 3868 v.
1138 3830 1196 3870 222
1209 3818 1250 3873 A:

101 3895 181 3949 rmde
199 3894 268 3947 mihi
287 3896 343 3948 ism
362 3897 420 3948 lam
441 3895 487 3947 diu
507 3910 616 3963 semper
634 3893 798 3948 Rilsrlrelius
816 3897 1009 3962 (pernumeras
1028 3895 1160 3961 22222222).
1181 3898 1249 3952 mihi

102 3977 165 4029 iam
186 3973 290 4027 dudum
310 3989 419 4043 semper
434 3975 581 4042 Lanpenus
594 3973 681 4029 Beier.
692 3991 722 4042 p.
731 3979 767 4028 95
836 3980 895 4028 226.
911 3972 988 4037 Quae
1007 3972 1111 4041 pacisci
1129 3976 1249 4033 12222222-

101 4059 171 4112 lius.
202 4055 244 4109 Ee
261 4055 365 4124 pacisci
381 4053 506 4108 BDFZ
522 4072 582 4107 cum
597 4056 631 4107 A.
661 4053 847 4122 CapaciseiO.
875 4052 911 4106 Et
929 4052 1032 4121 pacisci
1051 4056 1250 4113 mireBotlrius

180 4135 280 4188 scisset
299 4150 354 4203 quo
375 4131 437 4186 UD.
475 4134 529 4186 seis
548 4134 597 4187 sed
617 4151 688 4201 quae
707 4134 733 4186 Z
816 4135 899 4202 pects
923 4149 951 4185 es
975 4133 1041 4186 libri
1058 4149 1119 4188 erm
1137 4136 1164 4188 A

100 4232 162 4270 non
182 4217 317 4282 (sequente
334 4213 437 4281 spatio)
456 4212 510 4267 scis
529 4214 565 4267 D.
604 4214 693 4267 neseis
714 4213 743 4265 F
812 4219 871 4265 227.
892 4212 1053 4266 Phenicium
1072 4212 1143 4270 DF.
1180 4218 1249 4271 Phe-

100 4329 209 4386 nitium
231 4329 258 4383 0.
299 4296 461 4382 Phdnicium
482 4328 509 4381 B
581 4329 688 4395 rrmrl
750 4342 893 4393 2222222
911 4330 948 4396 A,
966 4327 1151 4385 Hermarmrs.
1180 4332 1249 4387 haec

103 4411 178 4481 (hec
198 4408 239 4475 D)
258 4425 309 4477 ego
329 4405 483 4462 BODFZ
553 4408 646 4481 dilieip
665 4409 700 4461 B.
734 4407 830 4481 delilip
851 4408 906 4461 OD
983 4410 1121 4461 sumelum
1142 4410 1172 4462 F
