<?xml version="1.0" encoding="UTF-8"?>
<!DOCTYPE html PUBLIC "-//W3C//DTD XHTML 1.0 Transitional//EN"
    "http://www.w3.org/TR/xhtml1/DTD/xhtml1-transitional.dtd">
<html xmlns="http://www.w3.org/1999/xhtml" xml:lang="en" lang="en">
 <head>
  <title>
</title>
<meta http-equiv="Content-Type" content="text/html;charset=utf-8" />
  <meta name='ocr-system' content='tesseract 3.04.00' />
  <meta name='ocr-capabilities' content='ocr_page ocr_carea ocr_par ocr_line ocrx_word'/>
</head>
<body>
  <div class='ocr_page' id='page_1' title='image "./tmacciplauticom02schgoog_0612.png"; bbox 0 0 2932 5452; ppageno 0'>
   <div class='ocr_carea' id='block_1_1' title="bbox 557 811 1225 867">
    <p class='ocr_par' dir='ltr' id='par_1_1' title="bbox 557 811 1225 867">
     <span class='ocr_line' id='line_1_1' title="bbox 557 811 1225 867; baseline -0.001 -1"><span class='ocrx_word' id='word_1_1' title='bbox 557 812 763 867; x_wconf 78' lang='lat' dir='ltr'>PRAEFATIO</span> <span class='ocrx_word' id='word_1_2' title='bbox 1165 811 1225 866; x_wconf 85' lang='lat' dir='ltr'>LXl</span> 
     </span>
    </p>
   </div>
   <div class='ocr_carea' id='block_1_2' title="bbox 12 988 1228 4200">
    <p class='ocr_par' dir='ltr' id='par_1_2' title="bbox 12 988 1228 4200">
     <span class='ocr_line' id='line_1_2' title="bbox 78 988 1227 1077; baseline 0 -20"><span class='ocrx_word' id='word_1_3' title='bbox 78 993 230 1057; x_wconf 85' lang='lat' dir='ltr'>stratium</span> <span class='ocrx_word' id='word_1_4' title='bbox 251 988 422 1056; x_wconf 90' lang='lat' dir='ltr'>hominurn</span> <span class='ocrx_word' id='word_1_5' title='bbox 445 991 552 1055; x_wconf 86' lang='lat' dir='ltr'>studia</span> <span class='ocrx_word' id='word_1_6' title='bbox 571 989 723 1055; x_wconf 90' lang='lat' dir='ltr'>Plautina</span> <span class='ocrx_word' id='word_1_7' title='bbox 746 993 916 1077; x_wconf 75' lang='lat' dir='ltr'>creverint,</span> <span class='ocrx_word' id='word_1_8' title='bbox 938 993 1002 1056; x_wconf 84' lang='lat' dir='ltr'>ianr</span> <span class='ocrx_word' id='word_1_9' title='bbox 1026 993 1170 1057; x_wconf 91' lang='lat' dir='ltr'>omnium</span> <span class='ocrx_word' id='word_1_10' title='bbox 1193 993 1227 1057; x_wconf 89' lang='lat' dir='ltr'>in</span> 
     </span>
     <span class='ocr_line' id='line_1_3' title="bbox 79 1105 1227 1193; baseline 0 -21"><span class='ocrx_word' id='word_1_11' title='bbox 79 1111 256 1193; x_wconf 88' lang='lat' dir='ltr'>conspeetu</span> <span class='ocrx_word' id='word_1_12' title='bbox 284 1110 342 1172; x_wconf 88' lang='lat' dir='ltr'>est.</span> <span class='ocrx_word' id='word_1_13' title='bbox 371 1105 432 1183; x_wconf 84' lang='lat' dir='ltr'>Qui</span> <span class='ocrx_word' id='word_1_14' title='bbox 460 1128 534 1170; x_wconf 91' lang='lat' dir='ltr'>cum</span> <span class='ocrx_word' id='word_1_15' title='bbox 561 1128 681 1192; x_wconf 85' lang='lat' dir='ltr'>magna</span> <span class='ocrx_word' id='word_1_16' title='bbox 708 1130 747 1172; x_wconf 88' lang='lat' dir='ltr'>ex</span> <span class='ocrx_word' id='word_1_17' title='bbox 774 1111 866 1192; x_wconf 83' lang='lat' dir='ltr'>parte</span> <span class='ocrx_word' id='word_1_18' title='bbox 890 1108 966 1173; x_wconf 92' lang='lat' dir='ltr'>olim</span> <span class='ocrx_word' id='word_1_19' title='bbox 989 1112 1117 1172; x_wconf 88' lang='lat' dir='ltr'>tantum</span> <span class='ocrx_word' id='word_1_20' title='bbox 1140 1109 1227 1172; x_wconf 89' lang='lat' dir='ltr'>inco·</span> 
     </span>
     <span class='ocr_line' id='line_1_4' title="bbox 79 1222 1226 1308; baseline 0.002 -22"><span class='ocrx_word' id='word_1_21' title='bbox 79 1222 157 1287; x_wconf 81' lang='lat' dir='ltr'>haia</span> <span class='ocrx_word' id='word_1_22' title='bbox 180 1222 366 1287; x_wconf 89' lang='lat' dir='ltr'>felicissimo</span> <span class='ocrx_word' id='word_1_23' title='bbox 390 1243 538 1287; x_wconf 89' lang='lat' dir='ltr'>successu</span> <span class='ocrx_word' id='word_1_24' title='bbox 558 1222 752 1307; x_wconf 77' lang='lat' dir='ltr'>perfecerint</span> <span class='ocrx_word' id='word_1_25' title='bbox 774 1226 982 1307; x_wconf 72' lang='lat' dir='ltr'>nostramque</span> <span class='ocrx_word' id='word_1_26' title='bbox 1006 1245 1137 1307; x_wconf 89' lang='lat' dir='ltr'>operam</span> <span class='ocrx_word' id='word_1_27' title='bbox 1157 1245 1226 1308; x_wconf 90' lang='lat' dir='ltr'>per-</span> 
     </span>
     <span class='ocr_line' id='line_1_5' title="bbox 82 1338 1228 1424; baseline -0.001 -21"><span class='ocrx_word' id='word_1_28' title='bbox 82 1338 203 1403; x_wconf 86' lang='lat' dir='ltr'>utiliter</span> <span class='ocrx_word' id='word_1_29' title='bbox 230 1339 281 1402; x_wconf 90' lang='lat' dir='ltr'>vel</span> <span class='ocrx_word' id='word_1_30' title='bbox 308 1338 531 1423; x_wconf 76' lang='lat' dir='ltr'>suppleverint</span> <span class='ocrx_word' id='word_1_31' title='bbox 556 1339 607 1402; x_wconf 92' lang='lat' dir='ltr'>vel</span> <span class='ocrx_word' id='word_1_32' title='bbox 631 1338 888 1424; x_wconf 77' lang='lat' dir='ltr'>emendaverint,</span> <span class='ocrx_word' id='word_1_33' title='bbox 909 1343 1019 1403; x_wconf 85' lang='lat' dir='ltr'>tamen</span> <span class='ocrx_word' id='word_1_34' title='bbox 1043 1339 1141 1403; x_wconf 88' lang='lat' dir='ltr'>etiam</span> <span class='ocrx_word' id='word_1_35' title='bbox 1164 1339 1228 1403; x_wconf 88' lang='lat' dir='ltr'>alia</span> 
     </span>
     <span class='ocr_line' id='line_1_6' title="bbox 79 1454 1227 1539; baseline 0 -21"><span class='ocrx_word' id='word_1_36' title='bbox 79 1476 155 1538; x_wconf 87' lang='lat' dir='ltr'>pars</span> <span class='ocrx_word' id='word_1_37' title='bbox 183 1454 307 1519; x_wconf 83' lang='lat' dir='ltr'>exstitit</span> <span class='ocrx_word' id='word_1_38' title='bbox 333 1470 445 1519; x_wconf 87' lang='lat' dir='ltr'>eorum</span> <span class='ocrx_word' id='word_1_39' title='bbox 468 1454 522 1538; x_wconf 93' lang='lat' dir='ltr'>qui</span> <span class='ocrx_word' id='word_1_40' title='bbox 547 1456 655 1538; x_wconf 89' lang='lat' dir='ltr'>spreta</span> <span class='ocrx_word' id='word_1_41' title='bbox 682 1454 761 1518; x_wconf 87' lang='lat' dir='ltr'>artis</span> <span class='ocrx_word' id='word_1_42' title='bbox 784 1476 821 1518; x_wconf 85' lang='lat' dir='ltr'>ae</span> <span class='ocrx_word' id='word_1_43' title='bbox 845 1454 1033 1539; x_wconf 87' lang='lat' dir='ltr'>disciplinae</span> <span class='ocrx_word' id='word_1_44' title='bbox 1057 1455 1227 1519; x_wconf 83' lang='lat' dir='ltr'>severitate</span> 
     </span>
     <span class='ocr_line' id='line_1_7' title="bbox 78 1569 1227 1655; baseline 0 -22"><span class='ocrx_word' id='word_1_45' title='bbox 78 1570 113 1633; x_wconf 91' lang='lat' dir='ltr'>in</span> <span class='ocrx_word' id='word_1_46' title='bbox 145 1570 317 1654; x_wconf 79' lang='lat' dir='ltr'>pristinam</span> <span class='ocrx_word' id='word_1_47' title='bbox 351 1570 516 1655; x_wconf 81' lang='lat' dir='ltr'>ignaviam</span> <span class='ocrx_word' id='word_1_48' title='bbox 548 1569 769 1633; x_wconf 86' lang='lat' dir='ltr'>relaberentur</span> <span class='ocrx_word' id='word_1_49' title='bbox 800 1569 1159 1654; x_wconf 76' lang='lat' dir='ltr'>‘licentiariorumque’,</span> <span class='ocrx_word' id='word_1_50' title='bbox 1191 1574 1227 1634; x_wconf 90' lang='lat' dir='ltr'>ut</span> 
     </span>
     <span class='ocr_line' id='line_1_8' title="bbox 76 1683 1228 1770; baseline 0.002 -22"><span class='ocrx_word' id='word_1_51' title='bbox 76 1683 209 1749; x_wconf 88' lang='lat' dir='ltr'>Bentlei</span> <span class='ocrx_word' id='word_1_52' title='bbox 231 1685 448 1769; x_wconf 87' lang='lat' dir='ltr'>appellatione</span> <span class='ocrx_word' id='word_1_53' title='bbox 471 1689 554 1768; x_wconf 83' lang='lat' dir='ltr'>utar,</span> <span class='ocrx_word' id='word_1_54' title='bbox 577 1685 729 1749; x_wconf 91' lang='lat' dir='ltr'>nimirum</span> <span class='ocrx_word' id='word_1_55' title='bbox 753 1685 880 1749; x_wconf 89' lang='lat' dir='ltr'>laudem</span> <span class='ocrx_word' id='word_1_56' title='bbox 904 1683 978 1770; x_wconf 88' lang='lat' dir='ltr'>(nee</span> <span class='ocrx_word' id='word_1_57' title='bbox 1002 1686 1088 1750; x_wconf 91' lang='lat' dir='ltr'>enim</span> <span class='ocrx_word' id='word_1_58' title='bbox 1111 1685 1228 1750; x_wconf 84' lang='lat' dir='ltr'>desunt</span> 
     </span>
     <span class='ocr_line' id='line_1_9' title="bbox 72 1798 1228 1886; baseline -0.001 -21"><span class='ocrx_word' id='word_1_59' title='bbox 72 1798 261 1886; x_wconf 84' lang='lat' dir='ltr'>plausores)</span> <span class='ocrx_word' id='word_1_60' title='bbox 295 1800 441 1885; x_wconf 90' lang='lat' dir='ltr'>cupidius</span> <span class='ocrx_word' id='word_1_61' title='bbox 478 1801 659 1864; x_wconf 84' lang='lat' dir='ltr'>mehercule</span> <span class='ocrx_word' id='word_1_62' title='bbox 692 1822 788 1885; x_wconf 90' lang='lat' dir='ltr'>quam</span> <span class='ocrx_word' id='word_1_63' title='bbox 825 1801 1003 1866; x_wconf 88' lang='lat' dir='ltr'>consultius</span> <span class='ocrx_word' id='word_1_64' title='bbox 1040 1801 1228 1865; x_wconf 84' lang='lat' dir='ltr'>affectarent</span> 
     </span>
     <span class='ocr_line' id='line_1_10' title="bbox 70 1915 1227 2000; baseline 0 -21"><span class='ocrx_word' id='word_1_65' title='bbox 70 1919 176 2000; x_wconf 86' lang='lat' dir='ltr'>atque</span> <span class='ocrx_word' id='word_1_66' title='bbox 203 1915 285 1980; x_wconf 87' lang='lat' dir='ltr'>adeo</span> <span class='ocrx_word' id='word_1_67' title='bbox 313 1937 408 1980; x_wconf 83' lang='lat' dir='ltr'>caeco</span> <span class='ocrx_word' id='word_1_68' title='bbox 436 1916 576 2000; x_wconf 88' lang='lat' dir='ltr'>quodam</span> <span class='ocrx_word' id='word_1_69' title='bbox 604 1916 726 1999; x_wconf 89' lang='lat' dir='ltr'>impetu</span> <span class='ocrx_word' id='word_1_70' title='bbox 755 1920 964 1981; x_wconf 81' lang='lat' dir='ltr'>sectarentur.</span> <span class='ocrx_word' id='word_1_71' title='bbox 992 1915 1114 1981; x_wconf 75' lang='lat' dir='ltr'>Contra</span> <span class='ocrx_word' id='word_1_72' title='bbox 1147 1939 1227 2000; x_wconf 87' lang='lat' dir='ltr'>quos</span> 
     </span>
     <span class='ocr_line' id='line_1_11' title="bbox 67 2031 1226 2117; baseline 0 -21"><span class='ocrx_word' id='word_1_73' title='bbox 67 2052 152 2096; x_wconf 85' lang='lat' dir='ltr'>cum</span> <span class='ocrx_word' id='word_1_74' title='bbox 175 2032 357 2117; x_wconf 81' lang='lat' dir='ltr'>generatim</span> <span class='ocrx_word' id='word_1_75' title='bbox 380 2031 445 2095; x_wconf 83' lang='lat' dir='ltr'>dixi</span> <span class='ocrx_word' id='word_1_76' title='bbox 468 2033 503 2095; x_wconf 91' lang='lat' dir='ltr'>in</span> <span class='ocrx_word' id='word_1_77' title='bbox 526 2031 727 2116; x_wconf 83' lang='lat' dir='ltr'>praefatione</span> <span class='ocrx_word' id='word_1_78' title='bbox 751 2032 882 2096; x_wconf 86' lang='lat' dir='ltr'>alterius</span> <span class='ocrx_word' id='word_1_79' title='bbox 897 2032 1070 2096; x_wconf 90' lang='lat' dir='ltr'>voluminis</span> <span class='ocrx_word' id='word_1_80' title='bbox 1085 2031 1226 2116; x_wconf 81' lang='lat' dir='ltr'>Opuscu-</span> 
     </span>
     <span class='ocr_line' id='line_1_12' title="bbox 65 2146 1227 2232; baseline 0 -20"><span class='ocrx_word' id='word_1_81' title='bbox 65 2146 204 2232; x_wconf 88' lang='lat' dir='ltr'>lorum,</span> <span class='ocrx_word' id='word_1_82' title='bbox 225 2150 296 2212; x_wconf 88' lang='lat' dir='ltr'>turn</span> <span class='ocrx_word' id='word_1_83' title='bbox 319 2147 486 2231; x_wconf 86' lang='lat' dir='ltr'>speciatim</span> <span class='ocrx_word' id='word_1_84' title='bbox 508 2168 575 2211; x_wconf 92' lang='lat' dir='ltr'>non</span> <span class='ocrx_word' id='word_1_85' title='bbox 599 2148 709 2231; x_wconf 87' lang='lat' dir='ltr'>paucis</span> <span class='ocrx_word' id='word_1_86' title='bbox 733 2147 887 2231; x_wconf 86' lang='lat' dir='ltr'>exemplis</span> <span class='ocrx_word' id='word_1_87' title='bbox 910 2169 968 2230; x_wconf 87' lang='lat' dir='ltr'>per</span> <span class='ocrx_word' id='word_1_88' title='bbox 990 2147 1023 2211; x_wconf 90' lang='lat' dir='ltr'>id</span> <span class='ocrx_word' id='word_1_89' title='bbox 1045 2151 1150 2211; x_wconf 88' lang='lat' dir='ltr'>totum</span> <span class='ocrx_word' id='word_1_90' title='bbox 1174 2170 1227 2212; x_wconf 93' lang='lat' dir='ltr'>vo·</span> 
     </span>
     <span class='ocr_line' id='line_1_13' title="bbox 61 2261 1226 2348; baseline -0.001 -20"><span class='ocrx_word' id='word_1_91' title='bbox 61 2263 203 2347; x_wconf 91' lang='lat' dir='ltr'>lumen,</span> <span class='ocrx_word' id='word_1_92' title='bbox 229 2263 308 2327; x_wconf 87' lang='lat' dir='ltr'>item</span> <span class='ocrx_word' id='word_1_93' title='bbox 334 2263 370 2328; x_wconf 86' lang='lat' dir='ltr'>in</span> <span class='ocrx_word' id='word_1_94' title='bbox 394 2261 512 2328; x_wconf 81' lang='lat' dir='ltr'>‘Novis</span> <span class='ocrx_word' id='word_1_95' title='bbox 536 2263 750 2346; x_wconf 86' lang='lat' dir='ltr'>excursibus’,</span> <span class='ocrx_word' id='word_1_96' title='bbox 772 2263 952 2347; x_wconf 90' lang='lat' dir='ltr'>promiscue</span> <span class='ocrx_word' id='word_1_97' title='bbox 977 2264 1153 2348; x_wconf 80' lang='lat' dir='ltr'>disputavi,</span> <span class='ocrx_word' id='word_1_98' title='bbox 1176 2285 1226 2327; x_wconf 84' lang='lat' dir='ltr'>ex·</span> 
     </span>
     <span class='ocr_line' id='line_1_14' title="bbox 60 2378 1228 2463; baseline 0 -19"><span class='ocrx_word' id='word_1_99' title='bbox 60 2379 230 2463; x_wconf 84' lang='lat' dir='ltr'>plicatius</span> <span class='ocrx_word' id='word_1_100' title='bbox 258 2383 367 2443; x_wconf 90' lang='lat' dir='ltr'>autem</span> <span class='ocrx_word' id='word_1_101' title='bbox 393 2379 428 2443; x_wconf 91' lang='lat' dir='ltr'>in</span> <span class='ocrx_word' id='word_1_102' title='bbox 454 2378 629 2444; x_wconf 79' lang='lat' dir='ltr'>‘vindieiis</span> <span class='ocrx_word' id='word_1_103' title='bbox 655 2378 816 2443; x_wconf 87' lang='lat' dir='ltr'>Plautinis</span> <span class='ocrx_word' id='word_1_104' title='bbox 824 2385 843 2462; x_wconf 80' lang='lat'>⁹,</span> <span class='ocrx_word' id='word_1_105' title='bbox 870 2400 1006 2463; x_wconf 86' lang='lat' dir='ltr'>quarum</span> <span class='ocrx_word' id='word_1_106' title='bbox 1039 2379 1080 2443; x_wconf 91' lang='lat' dir='ltr'>ad</span> <span class='ocrx_word' id='word_1_107' title='bbox 1109 2402 1138 2443; x_wconf 91' lang='lat' dir='ltr'>v.</span> <span class='ocrx_word' id='word_1_108' title='bbox 1162 2380 1228 2445; x_wconf 80' lang='lat'>385</span> 
     </span>
     <span class='ocr_line' id='line_1_15' title="bbox 57 2494 1227 2579; baseline -0.001 -20"><span class='ocrx_word' id='word_1_109' title='bbox 57 2495 203 2559; x_wconf 86' lang='lat' dir='ltr'>mentio</span> <span class='ocrx_word' id='word_1_110' title='bbox 234 2494 335 2578; x_wconf 86' lang='lat' dir='ltr'>facta,</span> <span class='ocrx_word' id='word_1_111' title='bbox 362 2494 409 2558; x_wconf 88' lang='lat' dir='ltr'>ita</span> <span class='ocrx_word' id='word_1_112' title='bbox 441 2494 694 2579; x_wconf 84' lang='lat' dir='ltr'>argumentabor</span> <span class='ocrx_word' id='word_1_113' title='bbox 725 2499 762 2557; x_wconf 90' lang='lat' dir='ltr'>ut</span> <span class='ocrx_word' id='word_1_114' title='bbox 789 2494 995 2578; x_wconf 88' lang='lat' dir='ltr'>prosodiacas</span> <span class='ocrx_word' id='word_1_115' title='bbox 1024 2495 1227 2578; x_wconf 89' lang='lat' dir='ltr'>potissimum</span> 
     </span>
     <span class='ocr_line' id='line_1_16' title="bbox 57 2609 1227 2696; baseline 0 -21"><span class='ocrx_word' id='word_1_116' title='bbox 57 2616 184 2696; x_wconf 83' lang='lat' dir='ltr'>atque</span> <span class='ocrx_word' id='word_1_117' title='bbox 205 2610 403 2694; x_wconf 86' lang='lat' dir='ltr'>rhythmicas</span> <span class='ocrx_word' id='word_1_118' title='bbox 430 2609 572 2674; x_wconf 86' lang='lat' dir='ltr'>rationes</span> <span class='ocrx_word' id='word_1_119' title='bbox 578 2661 587 2692; x_wconf 86' lang='lat'>,</span> <span class='ocrx_word' id='word_1_120' title='bbox 614 2609 653 2672; x_wconf 89' lang='lat' dir='ltr'>de</span> <span class='ocrx_word' id='word_1_121' title='bbox 681 2610 797 2693; x_wconf 87' lang='lat' dir='ltr'>quibus</span> <span class='ocrx_word' id='word_1_122' title='bbox 826 2611 969 2674; x_wconf 92' lang='lat' dir='ltr'>omnium</span> <span class='ocrx_word' id='word_1_123' title='bbox 998 2612 1135 2675; x_wconf 84' lang='lat' dir='ltr'>maxime</span> <span class='ocrx_word' id='word_1_124' title='bbox 1158 2612 1227 2675; x_wconf 88' lang='lat' dir='ltr'>falli</span> 
     </span>
     <span class='ocr_line' id='line_1_17' title="bbox 55 2725 1227 2810; baseline -0.001 -19"><span class='ocrx_word' id='word_1_125' title='bbox 55 2728 256 2791; x_wconf 86' lang='lat' dir='ltr'>multorum</span> <span class='ocrx_word' id='word_1_126' title='bbox 289 2726 457 2810; x_wconf 87' lang='lat' dir='ltr'>opiniones</span> <span class='ocrx_word' id='word_1_127' title='bbox 485 2726 592 2809; x_wconf 89' lang='lat' dir='ltr'>video,</span> <span class='ocrx_word' id='word_1_128' title='bbox 622 2725 730 2789; x_wconf 87' lang='lat' dir='ltr'>dedita</span> <span class='ocrx_word' id='word_1_129' title='bbox 762 2747 860 2808; x_wconf 90' lang='lat' dir='ltr'>opera</span> <span class='ocrx_word' id='word_1_130' title='bbox 893 2748 1079 2809; x_wconf 87' lang='lat' dir='ltr'>persequar:</span> <span class='ocrx_word' id='word_1_131' title='bbox 1112 2728 1227 2810; x_wconf 88' lang='lat' dir='ltr'>quibus</span> 
     </span>
     <span class='ocr_line' id='line_1_18' title="bbox 56 2841 1228 2927; baseline -0.001 -20"><span class='ocrx_word' id='word_1_132' title='bbox 56 2842 210 2927; x_wconf 90' lang='lat' dir='ltr'>quidem</span> <span class='ocrx_word' id='word_1_133' title='bbox 239 2841 450 2906; x_wconf 87' lang='lat' dir='ltr'>meletematis</span> <span class='ocrx_word' id='word_1_134' title='bbox 478 2842 585 2905; x_wconf 87' lang='lat' dir='ltr'>volam</span> <span class='ocrx_word' id='word_1_135' title='bbox 613 2863 698 2906; x_wconf 92' lang='lat' dir='ltr'>nova</span> <span class='ocrx_word' id='word_1_136' title='bbox 726 2864 808 2925; x_wconf 87' lang='lat' dir='ltr'>quae</span> <span class='ocrx_word' id='word_1_137' title='bbox 837 2842 970 2925; x_wconf 90' lang='lat' dir='ltr'>promisi</span> <span class='ocrx_word' id='word_1_138' title='bbox 994 2841 1228 2926; x_wconf 78' lang='lat' dir='ltr'>prolegomena</span> 
     </span>
     <span class='ocr_line' id='line_1_19' title="bbox 55 2956 1228 3043; baseline 0.002 -23"><span class='ocrx_word' id='word_1_139' title='bbox 55 2960 302 3043; x_wconf 76' lang='lat' dir='ltr'>superstructa</span> <span class='ocrx_word' id='word_1_140' title='bbox 324 2979 402 3022; x_wconf 87' lang='lat' dir='ltr'>esse.</span> <span class='ocrx_word' id='word_1_141' title='bbox 425 2956 466 3021; x_wconf 91' lang='lat' dir='ltr'>ln</span> <span class='ocrx_word' id='word_1_142' title='bbox 488 2961 624 3041; x_wconf 89' lang='lat' dir='ltr'>utroque</span> <span class='ocrx_word' id='word_1_143' title='bbox 649 2959 757 3020; x_wconf 84' lang='lat' dir='ltr'>autem</span> <span class='ocrx_word' id='word_1_144' title='bbox 777 2978 911 3020; x_wconf 91' lang='lat' dir='ltr'>numero</span> <span class='ocrx_word' id='word_1_145' title='bbox 935 2957 1028 3021; x_wconf 92' lang='lat' dir='ltr'>doleo</span> <span class='ocrx_word' id='word_1_146' title='bbox 1052 2979 1125 3022; x_wconf 90' lang='lat' dir='ltr'>eum</span> <span class='ocrx_word' id='word_1_147' title='bbox 1148 2959 1228 3022; x_wconf 92' lang='lat' dir='ltr'>mihi</span> 
     </span>
     <span class='ocr_line' id='line_1_20' title="bbox 12 3072 1227 3158; baseline 0.001 -21"><span class='ocrx_word' id='word_1_148' title='bbox 12 3104 15 3108; x_wconf 93' lang='lat'>·</span> <span class='ocrx_word' id='word_1_149' title='bbox 52 3072 315 3139; x_wconf 83' lang='lat' dir='ltr'>nominandum</span> <span class='ocrx_word' id='word_1_150' title='bbox 347 3095 429 3158; x_wconf 82' lang='lat' dir='ltr'>esre,</span> <span class='ocrx_word' id='word_1_151' title='bbox 459 3073 513 3157; x_wconf 93' lang='lat' dir='ltr'>qui</span> <span class='ocrx_word' id='word_1_152' title='bbox 540 3076 653 3137; x_wconf 89' lang='lat' dir='ltr'>nostra</span> <span class='ocrx_word' id='word_1_153' title='bbox 683 3073 837 3137; x_wconf 87' lang='lat' dir='ltr'>memoria</span> <span class='ocrx_word' id='word_1_154' title='bbox 860 3095 932 3136; x_wconf 91' lang='lat' dir='ltr'>eum</span> <span class='ocrx_word' id='word_1_155' title='bbox 955 3074 1135 3138; x_wconf 86' lang='lat' dir='ltr'>eruditione</span> <span class='ocrx_word' id='word_1_156' title='bbox 1158 3078 1227 3138; x_wconf 87' lang='lat' dir='ltr'>tum</span> 
     </span>
     <span class='ocr_line' id='line_1_21' title="bbox 53 3188 1227 3276; baseline 0.002 -24"><span class='ocrx_word' id='word_1_157' title='bbox 53 3189 259 3276; x_wconf 76' lang='lat' dir='ltr'>sagacitate</span> <span class='ocrx_word' id='word_1_158' title='bbox 286 3189 372 3253; x_wconf 90' lang='lat' dir='ltr'>inter</span> <span class='ocrx_word' id='word_1_159' title='bbox 394 3188 563 3253; x_wconf 89' lang='lat' dir='ltr'>Plautinos</span> <span class='ocrx_word' id='word_1_160' title='bbox 590 3189 738 3253; x_wconf 86' lang='lat' dir='ltr'>homines</span> <span class='ocrx_word' id='word_1_161' title='bbox 766 3189 860 3252; x_wconf 86' lang='lat' dir='ltr'>facile</span> <span class='ocrx_word' id='word_1_162' title='bbox 888 3189 1008 3272; x_wconf 88' lang='lat' dir='ltr'>primas</span> <span class='ocrx_word' id='word_1_163' title='bbox 1036 3194 1125 3254; x_wconf 88' lang='lat' dir='ltr'>tenet</span> <span class='ocrx_word' id='word_1_164' title='bbox 1152 3191 1227 3274; x_wconf 90' lang='lat' dir='ltr'>ipsi·</span> 
     </span>
     <span class='ocr_line' id='line_1_22' title="bbox 55 3304 1227 3390; baseline -0.001 -20"><span class='ocrx_word' id='word_1_165' title='bbox 55 3326 139 3390; x_wconf 89' lang='lat' dir='ltr'>que</span> <span class='ocrx_word' id='word_1_166' title='bbox 165 3304 372 3388; x_wconf 90' lang='lat' dir='ltr'>potissimum</span> <span class='ocrx_word' id='word_1_167' title='bbox 387 3304 576 3368; x_wconf 79' lang='lat' dir='ltr'>Trinummo</span> <span class='ocrx_word' id='word_1_168' title='bbox 600 3305 672 3389; x_wconf 88' lang='lat' dir='ltr'>plus</span> <span class='ocrx_word' id='word_1_169' title='bbox 696 3327 792 3388; x_wconf 86' lang='lat' dir='ltr'>quam</span> <span class='ocrx_word' id='word_1_170' title='bbox 816 3306 898 3369; x_wconf 90' lang='lat' dir='ltr'>alius</span> <span class='ocrx_word' id='word_1_171' title='bbox 922 3306 1090 3389; x_wconf 87' lang='lat' dir='ltr'>quisquam</span> <span class='ocrx_word' id='word_1_172' title='bbox 1114 3306 1227 3369; x_wconf 90' lang='lat' dir='ltr'>salutis</span> 
     </span>
     <span class='ocr_line' id='line_1_23' title="bbox 49 3419 1227 3505; baseline -0.001 -21"><span class='ocrx_word' id='word_1_173' title='bbox 49 3421 205 3505; x_wconf 86' lang='lat' dir='ltr'>attulit,</span> <span class='ocrx_word' id='word_1_174' title='bbox 228 3419 433 3485; x_wconf 85' lang='lat' dir='ltr'>Theodomm</span> <span class='ocrx_word' id='word_1_175' title='bbox 456 3420 641 3505; x_wconf 84' lang='lat' dir='ltr'>Bergkium.</span> <span class='ocrx_word' id='word_1_176' title='bbox 670 3419 710 3484; x_wconf 94' lang='lat' dir='ltr'>In</span> <span class='ocrx_word' id='word_1_177' title='bbox 738 3444 801 3505; x_wconf 86' lang='lat' dir='ltr'>quo</span> <span class='ocrx_word' id='word_1_178' title='bbox 826 3421 895 3486; x_wconf 93' lang='lat' dir='ltr'>viro</span> <span class='ocrx_word' id='word_1_179' title='bbox 918 3422 1035 3485; x_wconf 88' lang='lat' dir='ltr'>mirum</span> <span class='ocrx_word' id='word_1_180' title='bbox 1059 3425 1108 3485; x_wconf 89' lang='lat' dir='ltr'>est</span> <span class='ocrx_word' id='word_1_181' title='bbox 1131 3442 1227 3504; x_wconf 89' lang='lat' dir='ltr'>quam</span> 
     </span>
     <span class='ocr_line' id='line_1_24' title="bbox 47 3535 1227 3623; baseline 0.002 -25"><span class='ocrx_word' id='word_1_182' title='bbox 47 3535 238 3623; x_wconf 73' lang='lat' dir='ltr'>singulari</span> <span class='ocrx_word' id='word_1_183' title='bbox 265 3539 520 3621; x_wconf 88' lang='lat' dir='ltr'>temperamento</span> <span class='ocrx_word' id='word_1_184' title='bbox 549 3536 671 3619; x_wconf 84' lang='lat' dir='ltr'>ingenii</span> <span class='ocrx_word' id='word_1_185' title='bbox 699 3543 731 3601; x_wconf 89' lang='lat' dir='ltr'>et</span> <span class='ocrx_word' id='word_1_186' title='bbox 759 3559 835 3601; x_wconf 85' lang='lat' dir='ltr'>usus</span> <span class='ocrx_word' id='word_1_187' title='bbox 864 3542 896 3603; x_wconf 88' lang='lat' dir='ltr'>et</span> <span class='ocrx_word' id='word_1_188' title='bbox 924 3538 1042 3602; x_wconf 89' lang='lat' dir='ltr'>abusus</span> <span class='ocrx_word' id='word_1_189' title='bbox 1075 3538 1227 3601; x_wconf 88' lang='lat' dir='ltr'>emineat:</span> 
     </span>
     <span class='ocr_line' id='line_1_25' title="bbox 51 3651 1227 3739; baseline 0.003 -25"><span class='ocrx_word' id='word_1_190' title='bbox 51 3654 147 3717; x_wconf 80' lang='lat' dir='ltr'>tam</span> <span class='ocrx_word' id='word_1_191' title='bbox 179 3651 234 3715; x_wconf 91' lang='lat' dir='ltr'>ille</span> <span class='ocrx_word' id='word_1_192' title='bbox 262 3652 424 3736; x_wconf 84' lang='lat' dir='ltr'>praeclare</span> <span class='ocrx_word' id='word_1_193' title='bbox 456 3652 597 3716; x_wconf 89' lang='lat' dir='ltr'>inventis</span> <span class='ocrx_word' id='word_1_194' title='bbox 628 3653 850 3738; x_wconf 88' lang='lat' dir='ltr'>subtiliterque</span> <span class='ocrx_word' id='word_1_195' title='bbox 883 3653 1055 3739; x_wconf 86' lang='lat' dir='ltr'>disputatis</span> <span class='ocrx_word' id='word_1_196' title='bbox 1088 3654 1227 3719; x_wconf 88' lang='lat' dir='ltr'>inconsi-</span> 
     </span>
     <span class='ocr_line' id='line_1_26' title="bbox 51 3766 1228 3852; baseline 0.003 -20"><span class='ocrx_word' id='word_1_197' title='bbox 51 3766 290 3833; x_wconf 82' lang='lat' dir='ltr'>deratissime</span> <span class='ocrx_word' id='word_1_198' title='bbox 317 3773 499 3832; x_wconf 88' lang='lat' dir='ltr'>commenta</span> <span class='ocrx_word' id='word_1_199' title='bbox 527 3772 560 3833; x_wconf 90' lang='lat' dir='ltr'>et</span> <span class='ocrx_word' id='word_1_200' title='bbox 588 3769 722 3832; x_wconf 85' lang='lat' dir='ltr'>artificia</span> <span class='ocrx_word' id='word_1_201' title='bbox 757 3792 889 3852; x_wconf 85' lang='lat' dir='ltr'>prorsus</span> <span class='ocrx_word' id='word_1_202' title='bbox 920 3770 1120 3835; x_wconf 89' lang='lat' dir='ltr'>incredibilia</span> <span class='ocrx_word' id='word_1_203' title='bbox 1153 3770 1228 3835; x_wconf 89' lang='lat' dir='ltr'>levi·</span> 
     </span>
     <span class='ocr_line' id='line_1_27' title="bbox 46 3877 1227 3970; baseline -0.001 -20"><span class='ocrx_word' id='word_1_204' title='bbox 46 3885 126 3950; x_wconf 74' lang='lat' dir='ltr'>ter</span> <span class='ocrx_word' id='word_1_205' title='bbox 152 3885 289 3948; x_wconf 89' lang='lat' dir='ltr'>miscere</span> <span class='ocrx_word' id='word_1_206' title='bbox 317 3885 414 3968; x_wconf 87' lang='lat' dir='ltr'>solet,</span> <span class='ocrx_word' id='word_1_207' title='bbox 436 3884 537 3969; x_wconf 91' lang='lat' dir='ltr'>velut,</span> <span class='ocrx_word' id='word_1_208' title='bbox 564 3889 601 3947; x_wconf 89' lang='lat' dir='ltr'>ut</span> <span class='ocrx_word' id='word_1_209' title='bbox 624 3905 689 3948; x_wconf 90' lang='lat' dir='ltr'>uuo</span> <span class='ocrx_word' id='word_1_210' title='bbox 713 3885 858 3968; x_wconf 88' lang='lat' dir='ltr'>exemplu</span> <span class='ocrx_word' id='word_1_211' title='bbox 882 3877 1042 3970; x_wconf 82' lang='lat' dir='ltr'>defungar</span> <span class='ocrx_word' id='word_1_212' title='bbox 1064 3885 1149 3969; x_wconf 91' lang='lat' dir='ltr'>quod</span> <span class='ocrx_word' id='word_1_213' title='bbox 1173 3906 1227 3949; x_wconf 91' lang='lat' dir='ltr'>ne-</span> 
     </span>
     <span class='ocr_line' id='line_1_28' title="bbox 42 4000 1227 4085; baseline -0.003 -20"><span class='ocrx_word' id='word_1_214' title='bbox 42 4018 115 4083; x_wconf 85' lang='lat' dir='ltr'>go</span> <span class='ocrx_word' id='word_1_215' title='bbox 149 4021 189 4064; x_wconf 90' lang='lat' dir='ltr'>eo</span> <span class='ocrx_word' id='word_1_216' title='bbox 219 4000 253 4065; x_wconf 90' lang='lat' dir='ltr'>iu</span> <span class='ocrx_word' id='word_1_217' title='bbox 282 4022 399 4085; x_wconf 82' lang='lat' dir='ltr'>genere</span> <span class='ocrx_word' id='word_1_218' title='bbox 432 4000 575 4084; x_wconf 88' lang='lat' dir='ltr'>superari</span> <span class='ocrx_word' id='word_1_219' title='bbox 598 4021 707 4083; x_wconf 88' lang='lat' dir='ltr'>posse,</span> <span class='ocrx_word' id='word_1_220' title='bbox 742 4022 814 4064; x_wconf 92' lang='lat' dir='ltr'>cum</span> <span class='ocrx_word' id='word_1_221' title='bbox 845 4001 941 4064; x_wconf 93' lang='lat' dir='ltr'>huius</span> <span class='ocrx_word' id='word_1_222' title='bbox 973 4001 1101 4064; x_wconf 88' lang='lat' dir='ltr'>fabulae</span> <span class='ocrx_word' id='word_1_223' title='bbox 1134 4022 1227 4063; x_wconf 87' lang='lat' dir='ltr'>versu</span> 
     </span>
     <span class='ocr_line' id='line_1_29' title="bbox 42 4112 1227 4200; baseline 0 -22"><span class='ocrx_word' id='word_1_224' title='bbox 42 4112 143 4181; x_wconf 83' lang='grc'>819</span> <span class='ocrx_word' id='word_1_225' title='bbox 174 4113 328 4180; x_wconf 88' lang='lat' dir='ltr'>Plautum</span> <span class='ocrx_word' id='word_1_226' title='bbox 357 4117 501 4200; x_wconf 90' lang='lat' dir='ltr'>potuisse</span> <span class='ocrx_word' id='word_1_227' title='bbox 528 4137 627 4198; x_wconf 70' lang='lat' dir='ltr'>nupero</span> <span class='ocrx_word' id='word_1_228' title='bbox 658 4121 745 4180; x_wconf 74' lang='lat' dir='ltr'>acciet</span> <span class='ocrx_word' id='word_1_229' title='bbox 775 4117 839 4180; x_wconf 80' lang='lat' dir='ltr'>uisi</span> <span class='ocrx_word' id='word_1_230' title='bbox 870 4116 1007 4181; x_wconf 89' lang='lat' dir='ltr'>scribere</span> <span class='ocrx_word' id='word_1_231' title='bbox 1039 4115 1227 4179; x_wconf 80' lang='lat' dir='ltr'>hariolator.</span> 
     </span>
    </p>
   </div>
   <div class='ocr_carea' id='block_1_3' title="bbox 35 4223 1228 4899">
    <p class='ocr_par' dir='ltr' id='par_1_3' title="bbox 35 4223 1228 4899">
     <span class='ocr_line' id='line_1_30' title="bbox 37 4223 1226 4316; baseline -0.002 -20"><span class='ocrx_word' id='word_1_232' title='bbox 37 4223 160 4298; x_wconf 81' lang='lat' dir='ltr'>Eius</span> <span class='ocrx_word' id='word_1_233' title='bbox 185 4229 398 4296; x_wconf 76' lang='lat' dir='ltr'>‘Censuram&#39;</span> <span class='ocrx_word' id='word_1_234' title='bbox 423 4232 571 4316; x_wconf 88' lang='lat' dir='ltr'>quotiens</span> <span class='ocrx_word' id='word_1_235' title='bbox 591 4232 778 4315; x_wconf 89' lang='lat' dir='ltr'>simpliciter</span> <span class='ocrx_word' id='word_1_236' title='bbox 797 4254 1011 4296; x_wconf 88' lang='lat' dir='ltr'>commemoro</span> <span class='ocrx_word' id='word_1_237' title='bbox 1035 4231 1070 4295; x_wconf 93' lang='lat' dir='ltr'>in</span> <span class='ocrx_word' id='word_1_238' title='bbox 1094 4229 1226 4295; x_wconf 89' lang='lat' dir='ltr'>adnota-</span> 
     </span>
     <span class='ocr_line' id='line_1_31' title="bbox 37 4345 1227 4432; baseline 0.002 -23"><span class='ocrx_word' id='word_1_239' title='bbox 37 4345 182 4432; x_wconf 80' lang='lat' dir='ltr'>tione,</span> <span class='ocrx_word' id='word_1_240' title='bbox 206 4346 351 4432; x_wconf 86' lang='lat' dir='ltr'>intellegi</span> <span class='ocrx_word' id='word_1_241' title='bbox 374 4348 449 4413; x_wconf 94' lang='lat' dir='ltr'>volo</span> <span class='ocrx_word' id='word_1_242' title='bbox 473 4347 656 4432; x_wconf 86' lang='lat' dir='ltr'>proeedosis</span> <span class='ocrx_word' id='word_1_243' title='bbox 684 4352 814 4412; x_wconf 87' lang='lat' dir='ltr'>nostrae</span> <span class='ocrx_word' id='word_1_244' title='bbox 838 4368 1005 4411; x_wconf 88' lang='lat' dir='ltr'>censuram</span> <span class='ocrx_word' id='word_1_245' title='bbox 1029 4347 1148 4411; x_wconf 90' lang='lat' dir='ltr'>Diariis</span> <span class='ocrx_word' id='word_1_246' title='bbox 1172 4367 1227 4411; x_wconf 91' lang='lat' dir='ltr'>an·</span> 
     </span>
     <span class='ocr_line' id='line_1_32' title="bbox 35 4456 1228 4548; baseline 0.003 -23"><span class='ocrx_word' id='word_1_247' title='bbox 35 4456 241 4548; x_wconf 73' lang='lat' dir='ltr'>tiquieatis</span> <span class='ocrx_word' id='word_1_248' title='bbox 269 4463 448 4528; x_wconf 87' lang='lat' dir='ltr'>studiorum</span> <span class='ocrx_word' id='word_1_249' title='bbox 477 4466 554 4528; x_wconf 90' lang='lat' dir='ltr'>anni</span> <span class='ocrx_word' id='word_1_250' title='bbox 584 4465 668 4529; x_wconf 83' lang='grc'>1848</span> <span class='ocrx_word' id='word_1_251' title='bbox 696 4465 850 4529; x_wconf 87' lang='lat' dir='ltr'>insertam</span> <span class='ocrx_word' id='word_1_252' title='bbox 878 4486 897 4527; x_wconf 89' lang='lat' dir='ltr'>a</span> <span class='ocrx_word' id='word_1_253' title='bbox 925 4462 1044 4547; x_wconf 85' lang='lat' dir='ltr'>pagina</span> <span class='ocrx_word' id='word_1_254' title='bbox 1075 4464 1160 4527; x_wconf 73' lang='lat'>1124</span> <span class='ocrx_word' id='word_1_255' title='bbox 1188 4460 1228 4528; x_wconf 91' lang='lat' dir='ltr'>ad</span> 
     </span>
     <span class='ocr_line' id='line_1_33' title="bbox 44 4574 1228 4663; baseline 0.004 -25"><span class='ocrx_word' id='word_1_256' title='bbox 44 4574 176 4643; x_wconf 82' lang='lat'>1149.</span> <span class='ocrx_word' id='word_1_257' title='bbox 204 4577 288 4643; x_wconf 85' lang='lat' dir='ltr'>Item</span> <span class='ocrx_word' id='word_1_258' title='bbox 311 4577 511 4644; x_wconf 81' lang='lat' dir='ltr'>Fleckeiseni</span> <span class='ocrx_word' id='word_1_259' title='bbox 536 4579 744 4644; x_wconf 77' lang='lat' dir='ltr'>‘Censuram&#39;</span> <span class='ocrx_word' id='word_1_260' title='bbox 771 4603 841 4645; x_wconf 92' lang='lat' dir='ltr'>eam</span> <span class='ocrx_word' id='word_1_261' title='bbox 865 4580 936 4645; x_wconf 87' lang='lat' dir='ltr'>dieo</span> <span class='ocrx_word' id='word_1_262' title='bbox 960 4600 1041 4663; x_wconf 90' lang='lat' dir='ltr'>quae</span> <span class='ocrx_word' id='word_1_263' title='bbox 1065 4582 1171 4644; x_wconf 82' lang='lat' dir='ltr'>exstat</span> <span class='ocrx_word' id='word_1_264' title='bbox 1193 4579 1228 4643; x_wconf 93' lang='lat' dir='ltr'>in</span> 
     </span>
     <span class='ocr_line' id='line_1_34' title="bbox 43 4686 1228 4783; baseline 0.003 -23"><span class='ocrx_word' id='word_1_265' title='bbox 43 4686 260 4760; x_wconf 82' lang='lat' dir='ltr'>Annalium</span> <span class='ocrx_word' id='word_1_266' title='bbox 292 4695 404 4782; x_wconf 91' lang='lat' dir='ltr'>philol.</span> <span class='ocrx_word' id='word_1_267' title='bbox 437 4701 469 4761; x_wconf 87' lang='lat' dir='ltr'>et</span> <span class='ocrx_word' id='word_1_268' title='bbox 501 4697 635 4781; x_wconf 85' lang='lat' dir='ltr'>paedag.</span> <span class='ocrx_word' id='word_1_269' title='bbox 667 4697 884 4761; x_wconf 89' lang='lat' dir='ltr'>voluminibus</span> <span class='ocrx_word' id='word_1_270' title='bbox 916 4709 963 4755; x_wconf 76' lang='lat' dir='ltr'>tx</span> <span class='ocrx_word' id='word_1_271' title='bbox 995 4695 1039 4783; x_wconf 87' lang='lat' dir='ltr'>(a.</span> <span class='ocrx_word' id='word_1_272' title='bbox 1065 4693 1164 4783; x_wconf 78' lang='lat'>1850)</span> <span class='ocrx_word' id='word_1_273' title='bbox 1197 4720 1228 4781; x_wconf 88' lang='lat' dir='ltr'>p.</span> 
     </span>
     <span class='ocr_line' id='line_1_35' title="bbox 48 4802 1226 4899; baseline 0 -23"><span class='ocrx_word' id='word_1_274' title='bbox 48 4802 259 4876; x_wconf 71' lang='lat'><strong>234-263</strong></span> <span class='ocrx_word' id='word_1_275' title='bbox 284 4816 317 4876; x_wconf 89' lang='lat' dir='ltr'>et</span> <span class='ocrx_word' id='word_1_276' title='bbox 340 4831 400 4877; x_wconf 77' lang='lat' dir='ltr'>uxr</span> <span class='ocrx_word' id='word_1_277' title='bbox 425 4810 467 4899; x_wconf 85' lang='lat' dir='ltr'>(a.</span> <span class='ocrx_word' id='word_1_278' title='bbox 494 4813 593 4899; x_wconf 70' lang='lat'>1851)</span> <span class='ocrx_word' id='word_1_279' title='bbox 619 4836 647 4897; x_wconf 86' lang='lat' dir='ltr'>p.</span> <span class='ocrx_word' id='word_1_280' title='bbox 675 4813 817 4897; x_wconf 40' lang='lat' dir='ltr'>rheu</span> <span class='ocrx_word' id='word_1_281' title='bbox 841 4813 982 4878; x_wconf 87' lang='lat' dir='ltr'>eiusdem</span> <span class='ocrx_word' id='word_1_282' title='bbox 1006 4816 1113 4878; x_wconf 85' lang='lat' dir='ltr'>autern</span> <span class='ocrx_word' id='word_1_283' title='bbox 1138 4810 1226 4898; x_wconf 71' lang='lat' dir='ltr'>‘upi-</span> 
     </span>
    </p>
   </div>
   <div class='ocr_carea' id='block_1_4' title="bbox 0 0 1470 5452">
    <p class='ocr_par' dir='ltr' id='par_1_4' title="bbox 0 0 1470 5452">
     <span class='ocr_line' id='line_1_36' title="bbox 0 0 1470 5452; baseline 0 0"><span class='ocrx_word' id='word_1_284' title='bbox 0 0 1470 5452; x_wconf 95' lang='lat' dir='ltr'> </span> 
     </span>
    </p>
   </div>
  </div>
 </body>
</html>
