2932 5452
583 806 790 867 PRAEFATIO
1191 814 1258 871 XIII

149 970 198 1036 lm
217 992 286 1038 raro
313 970 403 1039 hunc
432 993 561 1059 quoqne
589 974 617 1039 ei
646 974 777 1059 plenum
807 975 1051 1060 quaternionem
1075 974 1259 1065 (LXXXII)

148 1077 218 1145 luisse
236 1078 404 1164 sumimus,
432 1101 516 1166 quae
536 1080 625 1146 inter
646 1079 754 1146 media
776 1081 1025 1167 quaternionum
1048 1082 1200 1149 LXXXII
1223 1089 1257 1151 et

147 1182 278 1251 LXXXIII
310 1186 404 1272 paria
438 1186 676 1254 intercederent
706 1189 727 1254 6
758 1187 839 1255 folia
874 1188 955 1255 haec
991 1190 1057 1256 fere
1089 1196 1256 1276 caperent:

148 1290 177 1357 u
192 1290 277 1359 doch.
299 1294 396 1377 sept,
418 1292 463 1358 24
485 1291 582 1358 iamb.
606 1296 699 1378 sept,
722 1294 765 1359 22
789 1315 869 1380 sen,
891 1318 918 1362 c.
941 1297 985 1362 20
1008 1297 1186 1366 versiculos
1209 1300 1256 1383 ly·

146 1396 215 1485 noos,
239 1400 261 1463 4
289 1399 532 1485 inscriptiones:
564 1420 646 1486 quae
674 1400 701 1464 si
729 1403 955 1486 computamus
988 1402 1083 1470 facile
1113 1407 1136 1471 4
1167 1404 1255 1472 foliis

147 1504 322 1573 neamus:
350 1506 513 1591 quomodo
536 1507 558 1571 6
581 1506 709 1591 explere
732 1508 899 1591 potuerint
920 1510 1016 1594 plane
1039 1532 1106 1577 non
1129 1511 1254 1577 intelle·

145 1609 227 1693 puna
260 1611 310 1681 De
331 1614 459 1681 lacunis
481 1618 591 1680 autem
614 1614 790 1681 maioribus
815 1616 849 1680 in
871 1615 923 1682 his
945 1617 1027 1683 locis
1051 1618 1102 1683 vel
1121 1620 1254 1686 omnino

145 1714 229 1785 iuhac
248 1718 361 1787 labala
382 1743 478 1789 nemo
501 1720 669 1807 cogitabit
714 1720 810 1788 Vnde
833 1723 958 1790 conicio
981 1724 1161 1811 binionem,
1187 1748 1253 1793 non

145 1827 369 1913 quaternionem,
389 1827 491 1895 luisse
505 1826 668 1909 LXXXII,
691 1830 884 1913 praesertim
909 1831 1081 1898 cumidem
1096 1854 1134 1897 ex
1150 1834 1254 1899 altera

142 1936 207 2012 poc
224 1935 386 2020 probetur.
431 1933 486 2002 Sic
508 1936 595 2001 enim
618 1934 731 2001 lolium

319 2079 408 2161 [437.
430 2077 585 2145 438=a
631 2117 702 2125 -
943 2081 1024 2163 481]

142 2208 255 2278 altinum
281 2211 506 2299 quaternionis
533 2210 670 2279 LXXXI
697 2213 810 2299 fuerit,
838 2214 929 2279 cuius
956 2214 1096 2300 primum
1125 2238 1252 2304 quoque

140 2324 269 2386 smum
300 2341 373 2387 esse
404 2341 504 2406 supra
539 2342 578 2387 ex
609 2317 823 2386 Studemundi
860 2320 1047 2389 testimonio
1080 2323 1252 2391 effecimus.

139 2415 213 2493 Quen
238 2431 313 2513 apte
340 2430 450 2493 autem
477 2448 506 2493 r.
529 2426 713 2494 231-481
743 2428 838 2493 unius
863 2428 1086 2513 quaternionis
1109 2432 1250 2516 spatium

139 2530 233 2615 explere
262 2534 442 2618 potuerint,
479 2537 629 2618 apparet:
666 2535 762 2599 simul
801 2539 909 2600 autem
942 2536 1116 2601 difficultas
1153 2560 1249 2622 quam

139 2652 207 2722 tupra
226 2640 263 2705 de
285 2644 358 2706 toto
382 2640 478 2706 huius
496 2640 627 2706 fabulae
646 2643 772 2707 ambitu
791 2643 825 2706 in
844 2642 1061 2708 Ambrosiano
1081 2646 1251 2729 moriame,

139 2760 179 2810 tac
196 2748 317 2814 ratione
341 2748 513 2813 evanescIt.

198 2871 296 2949 Quam
325 2873 541 2958 suspicionem
570 2874 631 2938 etsi
663 2877 769 2940 tacere
797 2875 903 2956 nolui,
935 2879 1045 2940 tamen
1075 2897 1147 2941 cum
1176 2877 1249 2942 aliis

139 2975 315 3044 tudemundi
345 2979 385 3045 de
412 2979 473 3046 hac
501 3002 536 3046 re
562 2981 717 3046 indicium
747 2985 881 3067 expecto
910 2986 1006 3066 atque
1035 2987 1162 3067 exopto.
1210 2984 1249 3047 ln

139 3100 186 3150 tao
204 3108 277 3154 vero
302 3089 463 3172 apparatu
486 3087 572 3173 quod
596 3088 723 3169 saepius
747 3110 852 3152 meam
872 3088 1044 3153 lectionem
1059 3087 1249 3154 Studemun-

139 3186 220 3258 lanae
242 3194 395 3278 opposui,
421 3193 456 3258 id
480 3194 526 3259 sic
549 3195 690 3280 accipias
714 3196 924 3281 explicesque.
967 3195 1049 3262 Cum
1073 3195 1249 3262 Mediolani

160 3297 444 3367 llllGCOLXXXV
464 3322 623 3386 versarer,
642 3301 853 3368 Ambrosiani
878 3303 1032 3389 reliquias
1051 3325 1116 3369 non
1136 3305 1247 3369 statim

139 3421 150 3460 r
171 3408 293 3475 consilio
317 3408 353 3473 in
370 3430 486 3474 manus
504 3409 589 3494 cepi,
612 3413 648 3474 ut
667 3410 859 3495 conferrem,
882 3411 937 3476 sed
956 3415 993 3476 ut
1011 3432 1247 3497 cognoscerem,

139 3511 219 3598 rippe
245 3538 318 3582 cum
347 3515 443 3580 nimis
473 3517 554 3581 meis
582 3516 704 3582 viribus
732 3516 899 3600 oculisque
932 3517 1118 3583 diffiderem.
1170 3518 1246 3584 Mox

139 3636 182 3683 tn
197 3623 308 3689 melius
327 3645 425 3708 quarn
445 3628 691 3708 expectaueram
705 3625 874 3709 negotium
888 3626 1061 3710 procedere
1076 3626 1247 3711 videretur,

144 3728 221 3794 utius
239 3735 458 3796 commoratus
477 3731 604 3795 fabulas
623 3732 797 3796 nonnullas
817 3731 927 3797 sedulo
942 3734 1147 3817 pertractari
1175 3732 1247 3809 Quo

139 3837 222 3900 ctum
245 3842 309 3920 est,
333 3841 368 3902 ut
392 3858 571 3921 perpaucae
594 3839 739 3921 priorum
764 3842 840 3923 post
859 3838 1073 3905 RItschelium
1091 3839 1246 3905 lectiones

139 3949 229 4009 raeco
252 3944 334 4009 mihi
357 3949 473 4009 essent
508 3944 578 4010 Iam
601 3968 679 4011 vero
699 3968 746 4010 ex·
755 3968 913 4012 consensu
932 3968 1004 4011 cum
1025 3943 1246 4011 Studemundo

139 4066 182 4112 1n
203 4057 314 4136 postea
337 4074 404 4117 non
431 4052 543 4137 paucis
571 4053 651 4119 locis
680 4059 765 4119 recte
789 4075 839 4118 mc
868 4053 987 4137 legisse
1015 4052 1246 4138 intellegerem,

139 4147 170 4215 bi
186 4158 400 4246 discreparent
421 4160 609 4226 testimonia
632 4165 745 4226 nostra
763 4161 853 4226 nolui
873 4160 960 4224 illius
980 4159 1152 4224 lectionem
1172 4161 1245 4224 sim-

139 4254 229 4329 »liciter
249 4288 357 4331 meam
380 4266 499 4352 facere,
527 4268 674 4351 quamvis
703 4269 770 4332 veri
801 4268 906 4332 simile
935 4288 972 4331 ac
999 4288 1100 4351 prope
1123 4270 1245 4331 certum

139 4359 163 4426 it
180 4367 222 4436 hie
247 4374 327 4439 locis
356 4395 408 4438 me
432 4395 564 4439 errasse.
612 4371 761 4440 Ceterum
785 4374 813 4438 si
840 4375 990 4459 proximo
1020 4395 1106 4438 anno
1130 4373 1247 4438 iterata

139 4489 186 4538 :ura
204 4480 239 4544 ad
257 4481 511 4547 Ambrosianum
534 4481 662 4566 redibo,
685 4481 764 4546 illud
787 4481 1030 4547 incommodum
1051 4481 1157 4565 quoad
1177 4481 1245 4545 fieri

139 4583 215 4651 ittest
234 4610 283 4653 me
305 4588 501 4653 evitaturum
526 4610 597 4654 esse
620 4592 759 4655 nonest
781 4588 867 4673 quod
891 4610 1050 4653 moneam.

198 4709 225 4773 B
257 4713 399 4779 codicem
436 4717 512 4798 post
543 4713 758 4779 Ritschelium
795 4718 828 4777 et
859 4712 1009 4778 Loewius
1046 4715 1185 4780 contulit
1217 4738 1244 4779 a.

139 4797 416 4885 teuscunxvru
439 4822 565 4907 etipse
588 4820 713 4887 excussi
738 4843 766 4885 a.
785 4818 1110 4887 uncoonxxxvr.
1142 4819 1244 4897 ouem

140 4930 179 4991 per
204 4921 274 4991 hanc
307 4928 454 4994 fabulam
494 4934 608 4994 notum
647 4932 698 4993 est
738 4951 841 5014 neque
883 4951 1071 4994 scaenarum
1109 4927 1243 5011 inscrip-
