2932 5452
156 328 195 367 xa
622 290 830 348 emersum

155 462 330 527 Lambinus
358 459 554 524 desideravit
583 495 621 505 —
653 460 722 522 tum
751 456 839 522 ‘Per
865 455 1016 522 hortum’
1044 477 1151 541 neque
1180 477 1300 521 versum

157 570 266 654 explet
298 588 399 651 neque
432 587 505 629 cum
538 562 690 629 ‘laterem
719 564 802 628 clam
829 561 1015 629 transiluit’
1038 562 1121 628 coit:
1155 562 1238 629 unde
1267 585 1302 629 ex

157 674 262 740 ‘Por'
286 673 403 738 codicis
424 672 457 736 B
476 672 637 755 scriptura
660 670 751 735 effeci
775 668 940 754 ‘Porro',
962 670 1053 754 quod
1075 674 1156 755 apte
1179 670 1302 736 hortum

157 782 254 847 lateri
285 780 462 864 adiungens
486 776 715 842 describendae
739 777 811 843 viae
833 777 980 843 inservit
1025 775 1092 841 Sed
1113 776 1159 842 ad
1182 799 1303 843 serrum

158 891 195 953 ut
218 887 395 967 redeamus,
419 907 561 969 quonam
584 884 655 948 loco
681 883 789 968 aptius
813 884 868 948 ille
892 883 1053 968 appellari
1071 884 1192 969 potuit,
1214 906 1303 969 quam
1327 894 1333 903 “

160 994 214 1058 ubi
228 993 368 1077 primum
384 992 418 1054 in
434 1013 583 1056 scaenam
598 991 810 1075 prodeuntem
824 987 1020 1074 Astaphium
1036 990 1185 1055 salutat?
1217 988 1303 1067 Quod

158 1123 193 1165 re
216 1121 294 1164 vera
317 1098 439 1162 factum
462 1119 532 1162 esse
556 1097 686 1162 aliunde
710 1097 876 1182 probatur.
918 1096 1021 1162 Extat
1045 1097 1135 1163 euim
1159 1120 1190 1163 v.
1206 1097 1284 1163 259:

249 1203 366 1278 Saluel
390 1201 505 1289 Sat(is)
529 1203 610 1268 mihi
635 1209 685 1268 est
708 1208 783 1267 tuae
808 1202 925 1268 salutis
943 1252 1040 1268 .....

250 1312 430 1397 Aegrotare
454 1310 565 1373 malim
589 1331 686 1393 quam
711 1331 781 1374 esse
804 1312 863 1372 tua
885 1310 990 1386 salute
1013 1311 1136 1395 sanior,

161 1419 246 1504 quod
275 1419 336 1482 etsi
366 1438 477 1481 omnes
502 1415 697 1498 tolerarunt,
726 1415 803 1479 ferri
826 1415 916 1480 nullo
940 1415 1036 1481 modo
1061 1421 1184 1501 potest
1226 1416 1302 1485 Nam

162 1548 234 1591 cum
258 1524 342 1588 nolit
364 1522 518 1606 Astaphii
542 1521 680 1586 ‘salute’
704 1522 813 1586 sanior
836 1543 916 1604 esse,
941 1544 1006 1586 non
1031 1523 1134 1589 habet
1158 1526 1237 1590 eius
1258 1548 1300 1590 sa·

162 1632 240 1697 lutis
265 1631 345 1695 satis
355 1628 391 1717 ¹),
414 1630 470 1693 sed
494 1629 627 1693 omnino
648 1630 777 1694 salutis:
801 1628 886 1693 uude
904 1634 996 1713 patet
1012 1653 1081 1695 non
1099 1632 1197 1697 aliter
1214 1656 1300 1717 quam

162 1741 195 1804 in
220 1737 391 1802 Asinariae
417 1759 444 1801 v.
466 1732 563 1820 911²)
588 1758 715 1799 servum
739 1736 858 1800 dixisse
882 1735 957 1801 ‘Sat
981 1737 1130 1804 salutist'
1154 1762 1192 1804 ac
1206 1739 1299 1804 ·‘mibi

166 1851 216 1911 est
248 1843 339 1910 tuae'
373 1843 471 1907 verba
503 1842 535 1905 in
569 1842 686 1926 quibus
718 1842 822 1908 BOD
854 1865 927 1907 cum
958 1844 992 1907 A
1023 1845 1298 1933 consentiuntur.

162 1975 192 2035 p.
208 1949 288 2014 XIII
303 1949 374 2014 adn.
394 1948 428 2034 2)
455 1972 493 2013 ex
509 1971 603 2013 versu
623 1948 812 2032 insequente
831 1948 1031 2032 interpolata
1050 1970 1137 2014 esse:
1162 1973 1223 2035 qua
1238 1952 1297 2035 ipsa

163 2057 415 2140 interpolatione
444 2056 498 2140 qui
527 2056 739 2139 archetypum
767 2055 935 2140 utriusque
964 2057 1166 2123 recensionis
1186 2060 1296 2145 redegit

164 2186 292 2228 versum
313 2162 491 2246 explevisse
515 2162 691 2226 censendus
712 2166 762 2226 est
779 2183 837 2245 per
855 2184 972 2227 nomen
991 2164 1077 2227 servi
1095 2164 1294 2250 interceptum

70 2326 73 2331 .
164 2270 374 2335 deficientem.
420 2269 527 2353 Atque
551 2268 716 2333 Strutulax
740 2272 816 2333 ante
839 2268 897 2333 Sat
918 2269 1044 2335 satuttst
1066 2276 1101 2335 et
1125 2272 1166 2336 ob
1188 2272 1293 2337 littera·

164 2401 235 2442 rum
250 2377 495 2441 similitudinem
510 2376 618 2460 potuit
632 2375 823 2440 intercidere
838 2380 871 2440 et
886 2411 927 2421 -
943 2376 975 2439 id
990 2377 1076 2460 quod
1092 2379 1197 2463 magis
1210 2378 1292 2443 etiam

163 2485 320 2570 probatur
340 2521 380 2529 -
401 2504 636 2567 propersonae
656 2482 893 2566 significatione
912 2483 1036 2549 haberi.
1081 2484 1203 2561 Quodsi
1220 2490 1302 2577 recte·

163 2592 380 2657 restituimus:

254 2697 364 2780 Salue,
387 2695 562 2760 Stratulax.
586 2694 603 2760 ll
626 2694 685 2759 Sat
708 2695 852 2779 salutist,

166 2803 261 2865 simul
281 2808 415 2885 apparet
435 2824 505 2864 eam
525 2801 629 2884 ipsam
650 2803 789 2866 nominis
808 2804 944 2867 formam
959 2805 1216 2889 amplectendam
1229 2828 1290 2885 esse,

166 2931 261 2991 quam
286 2915 476 2990 spreverunt
499 2910 644 2972 homines
669 2909 763 2973 docti.

255 3015 342 3088 Quae
374 3017 400 3078 si
428 3019 513 3078 recte
543 3017 717 3098 disputavi,
747 3017 797 3080 hic
826 3040 937 3082 versus
966 3021 1089 3103 pariter
1121 3023 1155 3086 in
1177 3027 1292 3105 utraque

166 3123 350 3185 recensione
383 3127 554 3204 corruptus
587 3123 633 3185 eis
662 3124 797 3205 accedit,
830 3126 945 3208 quibus
979 3127 1057 3190 olim
1092 3128 1293 3193 demonstrari

166 3228 418 3290 Ambrosianum
444 3233 476 3291 et
496 3228 664 3292 Palatinos
688 3230 727 3292 ud
752 3254 850 3294 umnn
875 3233 1074 3317 eundemque
1099 3236 1293 3321 archetypum

165 3332 302 3418 redire³)
340 3357 443 3418 neque
481 3336 518 3398 de
562 3336 696 3399 diversis
733 3336 926 3402 histrionum
964 3342 1202 3423 exemplaribus
1238 3364 1295 3405 cum

180 3434 258 3441 *ω
298 3437 346 3441 -—
360 3438 374 3442 .-

239 3461 262 3523 l)
282 3455 361 3520 Quod
382 3458 546 3527 Spengelius
566 3456 677 3525 scripsit
698 3457 754 3511 ‘sot
774 3458 870 3513 mihist
885 3462 949 3513 tuae
965 3462 1073 3531 salutis,
1093 3465 1121 3518 h,
1137 3483 1161 3520 e.
1176 3484 1230 3520 non
1242 3482 1295 3520 curo

165 3538 243 3589 tuam
271 3537 468 3592 salutationem
496 3555 585 3604 neque
611 3554 645 3589 ea
670 3537 794 3606 indigeo’
821 3540 945 3593 reddidit
970 3541 1028 3595 vim
1051 3545 1199 3599 verborum
1228 3545 1296 3599 ‘nibil

165 3634 271 3684 moror,
295 3621 338 3672 sat
362 3618 479 3682 salueo’,
504 3634 538 3670 ea
561 3634 631 3683 quac
652 3619 835 3673 cummaxime
855 3621 993 3688 explicare
1013 3623 1106 3677 voluit
1125 3627 1236 3680 omnino
1253 3643 1297 3679 non

164 3698 279 3750 curtavit.

236 3778 264 3843 2)
284 3776 314 3829 In
335 3780 472 3847 apparatu
491 3775 588 3830 critico
610 3776 698 3831 ‘Asin
719 3795 743 3830 v.
764 3778 827 3829 511³
849 3795 994 3846 operarum
1014 3780 1115 3835 vitium
1135 3787 1186 3838 est

236 3857 262 3923 3)
285 3856 377 3912 ‘Auel¹
393 3857 496 3912 Plaut’
516 3875 542 3925 p.
561 3864 642 3923 lsqq.
672 3856 764 3910 Etiam
780 3858 903 3911 ordinem
924 3859 1070 3913 verborum
1090 3862 1147 3917 iam
1167 3866 1197 3919 in
1216 3867 1299 3919 arebe-

165 3936 233 4003 typo
257 3931 308 3988 illo
333 3936 444 4005 saepius
468 3936 610 3989 turbatum
636 3954 695 3990 esse
724 3937 807 3992 certis
834 3939 968 4007 exemplis
996 3945 1120 3997 constat:
1148 3945 1221 4000 inter
1238 3962 1299 4014 quae

165 4016 351 4069 certissimum
376 4020 418 4070 est
437 4036 461 4071 v.
483 4023 547 4085 213,
573 4017 621 4071 ubi
646 4036 708 4071 cum
732 4018 815 4072 aliter
838 4019 865 4070 A
888 4019 971 4073 aliter
993 4021 1020 4072 B
1045 4021 1129 4078 aliter
1153 4025 1204 4079 01)
1226 4026 1300 4080 rerba

167 4095 315 4161 collocent,
336 4098 415 4150 unice
431 4099 519 4151 versui
536 4097 672 4152 satisfacit
686 4098 813 4152 Muelleri
833 4101 1025 4169 transpositio;
1044 4120 1110 4161 nam
1130 4106 1180 4160 alii
1199 4107 1300 4161 liberius

165 4175 308 4228 mutarunt
335 4194 424 4244 neque
453 4182 546 4232 tamen
572 4179 639 4231 setis
663 4179 765 4233 bonum
790 4178 942 4233 effecerunt
965 4185 1164 4251 septenarium.
1207 4187 1299 4241 Eodem

165 4253 294 4320 pertinet,
314 4258 388 4322 quod
408 4275 492 4325 supra
510 4276 537 4326 p.
557 4258 634 4310 XXII
654 4259 715 4312 adn.
734 4264 746 4311 l
768 4258 801 4312 de
821 4277 846 4314 u.
866 4265 917 4312 252
943 4258 1006 4317 dixi.
1047 4264 1145 4333 Itaque
1165 4287 1191 4323 v.
1212 4273 1259 4321 '258
1276 4270 1299 4319 ct

165 4337 225 4396 300,
251 4332 298 4384 ubi
317 4333 358 4387 lta
373 4335 445 4388 inter
460 4353 489 4389 se
505 4337 636 4391 differunt
655 4337 773 4404 codices,
793 4341 825 4391 ut
843 4341 941 4393 neuter
959 4358 1074 4410 prorsus
1094 4346 1215 4401 sufficiat
1232 4346 1298 4409 ordo,

164 4410 199 4463 ab
220 4413 337 4479 utraque
355 4415 515 4469 recensione
534 4416 720 4470 recedendum
739 4433 799 4471 csse
817 4420 924 4486 putavi.
