2932 5452
187 113 234 170 LX
653 112 860 166 Pusulu'rlo

276 288 514 353 ‘Gonossauo
538 287 758 372 llaauauuo,
782 310 877 372 quern
900 289 935 353 in
956 289 1134 373 primordio
1164 289 1241 355 libri
1268 312 1335 375 pro·

188 411 292 473 lessus
316 428 387 470 sum
411 404 586 470 secundum
600 405 759 469 Burnum
783 404 928 470 divinum
950 404 1119 491 ingenium
1143 405 1278 471 unicum
1298 406 1335 471 ad

190 520 437 589 instaurandum
459 518 611 585 Plautum
634 520 748 586 (lucem
770 543 854 607 esse,
877 523 1036 605 quantum
1059 523 1094 585 et
1116 541 1182 607 ego
1205 520 1335 587 debeam

187 643 221 705 ct
243 637 351 702 deberi
375 636 410 700 in
436 636 498 701 hoc
526 656 644 721 genere
667 637 817 703 universo
840 637 883 702 ab
906 636 1058 703 omnibus
1081 636 1244 723 sentiam,
1266 658 1336 703 eum

187 754 265 821 aua
288 752 354 818 aa
377 773 450 816 eum
473 751 698 817 semiannus
717 753 817 817 anun
836 730 1074 839 sinuatione
1096 756 1170 817 tum
1192 754 1338 819 enuclea-

188 871 253 935 tius
277 870 312 933 iu
335 868 474 952 epistrda
503 866 559 931 illa
581 866 816 933 Mediolanensi
844 868 1004 933 declaravi
1026 872 1098 933 tum
1120 868 1264 955 singulis
1286 891 1339 954 pa·

188 986 274 1072 ginis
302 982 482 1049 Trinummi
510 983 614 1047 nostri
641 988 797 1049 testatum
824 985 894 1050 feei.
922 983 985 1061 Qui
1012 984 1099 1068 quod
1126 984 1164 1049 in
1186 1006 1250 1049 sua
1273 984 1340 1051 Tri·

188 1101 311 1169 nummi
335 1098 485 1181 editione,
504 1120 602 1182 quam
626 1100 744 1165 abhinc
763 1100 930 1175 dimidium
952 1101 1054 1165 ferme
1072 1100 1243 1165 saeculum
1266 1101 1341 1167 emi·

188 1218 240 1301 sit,
262 1215 373 1283 multis
396 1215 503 1280 locum
526 1215 685 1281 concessit
708 1238 789 1300 quae
812 1237 872 1281 uec
895 1216 937 1281 ab
960 1216 1031 1301 ipso
1054 1236 1145 1282 nunc
1168 1216 1341 1282 defensum

187 1334 227 1399 iri
255 1332 425 1397 videantur
452 1351 511 1395 nec
538 1330 670 1415 probari
697 1353 716 1395 a
743 1331 838 1397 nobis
865 1335 1054 1417 potuerrmt:
1080 1332 1115 1398 id
1138 1334 1179 1397 ut
1201 1331 1251 1399 ita
1272 1356 1342 1399 esse

188 1449 462 1533 intellegeremus,
489 1446 610 1531 partim
640 1446 742 1531 ipsius
774 1447 922 1513 doctrina
953 1469 991 1512 ac
1023 1447 1200 1532 disciplina
1227 1448 1342 1533 effecit,

187 1564 306 1649 partim
333 1563 623 1629 instrumentorum
654 1563 695 1627 ad
728 1563 872 1629 criticam
898 1563 1113 1629 factitandum
1141 1564 1341 1631 necessaria

188 1703 260 1745 rum
288 1683 322 1745 et
348 1678 475 1763 plenior
501 1679 644 1764 cognitio
673 1682 706 1743 et
732 1678 838 1745 verior
865 1679 1069 1745 existimatio.
1095 1678 1339 1747 Hennanniaui

187 1799 296 1862 autem
323 1794 569 1879 Bentleianique
593 1794 744 1879 exempli,
772 1817 836 1880 quo
864 1800 933 1861 tam
960 1794 1015 1860 diu
1042 1794 1090 1861 uti
1113 1796 1238 1861 nesciit
1258 1795 1339 1861 iner-

186 1912 307 1978 tiorum
332 1910 483 1993 tarditas,
510 1911 576 1976 vim
603 1914 636 1975 et
662 1910 816 1975 uirtutem
842 1931 931 1977 nunc
953 1910 1085 1977 tandem
1108 1911 1274 1979 laetamur
1294 1911 1337 1977 ita

187 2027 361 2092 enitescere
389 2029 422 2091 et
448 2025 482 2089 in
511 2025 578 2090 dies
605 2026 709 2111 magis
737 2027 946 2117 invalescere,
974 2029 1011 2091 ut
1041 2027 1108 2091 iarn
1139 2026 1336 2113 sperandum

187 2144 230 2209 sit
252 2143 321 2208 fore
344 2145 382 2206 ut
404 2142 580 2206 multorum
598 2141 771 2206 coniuncta
789 2142 950 2207 industria
972 2142 1022 2207 sui
1046 2141 1186 2209 similior
1203 2142 1336 2209 Plautus

188 2258 317 2323 evadat:
340 2257 470 2341 cluendo
494 2278 553 2322 nec
577 2256 672 2321 unius
696 2258 812 2323 aetatis
834 2258 899 2323 fuit
920 2278 979 2323 nec
1001 2256 1145 2323 hominis
1169 2262 1223 2325 est
1243 2260 1336 2325 unius

188 2374 359 2439 emendare
381 2372 543 2457 Plautum,
566 2373 621 2457 qui
636 2375 812 2457 personari
835 2374 964 2459 quidem
986 2394 1101 2439 vereor
1122 2378 1162 2439 ut
1185 2396 1333 2461 umquam
1423 2414 1459 2453 ε

187 2490 298 2576 possit.
325 2489 376 2555 Ex
403 2488 466 2553 illis
495 2510 545 2553 me
576 2509 645 2553 esse
670 2511 770 2554 unum
793 2490 881 2574 volo,
903 2492 1032 2555 etcum
1055 2489 1188 2573 quidem
1211 2491 1333 2577 quiea
1405 2536 1464 2561 —.

187 2605 264 2671 teris
292 2604 483 2669 emendandi
506 2604 723 2669 iustrumenta
744 2627 855 2689 parem
881 2607 915 2670 et
934 2607 1102 2688 tamquam
1123 2604 1333 2673 frmdamenta
1380 2656 1385 2667 .
1416 2647 1436 2673 ε
1462 2651 1465 2678 i

187 2722 311 2804 inciam,
335 2720 450 2804 ‹pribus
473 2720 597 2785 rusiora
620 2724 677 2784 aut
698 2719 860 2785 limatiora
880 2722 1100 2804 superstruere
1117 2720 1231 2787 futura
1248 2726 1331 2787 actm
1360 2752 1419 2791 ἃ
1461 2764 1466 2773 ·

188 2837 298 2923 possit.
322 2835 442 2911 Quodsi
466 2859 485 2901 a
508 2837 627 2901 talibus
650 2835 760 2921 perfici
783 2835 971 2900 incohatum
990 2858 1072 2920 opus
1092 2836 1214 2922 videro,
1227 2838 1457 2923 qualeae-„³52

187 2954 221 3018 iu
237 2952 347 3017 critico
367 2973 483 3036 genere
503 2951 650 3015 acerrimi
669 2951 821 3015 Alfredus
841 2950 1068 3017 Fleckeisenus
1086 2956 1120 3016 et
1137 2952 1461 3029 lo.Bernar-1„1

188 3068 247 3132 dus
275 3067 437 3132 Lollianus
465 3066 608 3131 Batavus
636 3088 740 3151 nuper
767 3067 971 3131 exstiterunt:
1003 3067 1122 3151 quibus
1145 3090 1221 3133 cunr
1242 3067 1456 3144 laudabil

188 3205 284 3267 nunc,
307 3187 479 3267 postquam
502 3183 587 3246 viam
612 3183 688 3247 olim
711 3182 882 3266 probatam
906 3183 1087 3266 dereliquit,
1109 3180 1144 3247 C.
1164 3182 1201 3247 F.
1215 3182 1460 3279 Kampqll.

187 3322 326 3365 mannus
353 3299 531 3364 addendus:
564 3299 643 3363 artis
672 3301 780 3363 curtem
807 3298 978 3363 Plautinae
1009 3297 1217 3363 felicissimus
1238 3299 1460 3375 inteisr

188 3440 261 3501 pres
285 3416 474 3481 Theodorus
498 3414 715 3499 Ladcu'igius:
743 3416 825 3480 bene
849 3417 956 3479 aetum
981 3415 1043 3478 erit
1066 3413 1104 3478 de
1127 3412 1254 3478 Plauto.
1276 3410 1333 3477 (Ἀ
1348 3420 1457 3489 [1¹0

187 3537 274 3596 teros
306 3554 372 3596 uon
406 3551 527 3593 moror:
560 3552 595 3593 ea
634 3533 683 3593 est
714 3531 800 3593 enim
832 3530 928 3595 huius
961 3530 1167 3614 potissimum
1200 3527 1464 3615 gemb-ris,

187 3647 272 3730 quod
315 3651 458 3711 veterum
496 3650 663 3729 poetarum
700 3646 875 3710 latinorum
910 3645 1104 3711 tractatione
1142 3644 1459 3735 contiuetttjlur,

188 3764 270 3827 ratio
312 3766 345 3826 et
385 3761 545 3845 condicio,
582 3765 631 3844 ut,
673 3762 726 3844 qui
769 3782 881 3844 sapere
922 3764 979 3823 aut
1019 3761 1104 3826 nolit
1143 3766 1202 3825 aut
1241 3762 1450 3831 nattam.

188 3898 242 3938 rae
271 3878 348 3939 vitio
381 3882 534 3961 iiequeat,
566 3877 765 3961 ignorandus
799 3875 856 3958 ait,
883 3875 995 3959 procul
1024 3875 1204 3961 abdendus,
1235 3874 1339 3939 chef-2
1354 3885 1440 3945 ‹isli-

194 3990 340 4053 nendus’
1242 3975 1245 3979 ⁵

277 4105 337 4169 lllo
362 4114 468 4171 eudoni
493 4133 528 4171 cx
553 4113 696 4192 tempore
721 4108 755 4170 in
779 4128 876 4190 ‹purtm
901 4108 1031 4172 uberem
1061 4110 1250 4191 proventum
1271 4126 1296 4166 ε
1366 4132 1413 4176 uo

1370 4366 1458 4768 t
