2932 5452
161 345 212 397 XII
627 340 832 396 PRAEFATIO

161 508 309 591 testibus,
327 509 515 592 plerumque
535 503 697 591 servatie):
717 529 737 570 a
756 528 785 570 v.
805 507 854 571 1‘2.
877 505 1033 588 Eloquere
1046 541 1090 552 -
1098 507 1182 589 piter
1197 543 1238 552 —
1253 527 1307 570 reo·

156 616 234 698 pulo
264 652 305 661 —
335 613 520 696 Suu-eniam
551 650 588 659 —
618 618 732 677 certium
764 648 800 660 -
832 613 914 694 Cape
943 650 980 659 —-
1011 613 1084 678 Mos
1115 649 1151 658 -
1183 619 1242 690 iere
1268 652 1304 660 —

157 723 213 804 pol
237 757 277 768 -
302 722 460 786 eluerenter
484 757 522 767 -
548 721 604 784 An
626 757 668 767 -
693 720 794 784 Inroro
821 757 857 766 —
884 720 986 783 loriaco
1013 757 1050 765 -
1078 720 1179 783 Trium
1204 723 1309 785 -At

163 835 190 893 to
214 864 255 874 -
281 827 378 908 Quasi
404 864 440 872 —
470 828 549 892 Tace
572 864 616 873 —
639 850 658 891 a
681 850 710 892 v.
734 827 812 891 275:
836 827 921 891 Heia
942 863 980 873 -
1002 827 1061 890 Pol
1078 863 1121 872 —
1140 827 1248 892 Etidet
1265 866 1306 875 —

164 957 190 1001 a.
215 958 243 999 v.
268 936 346 1000 343:
375 933 530 1014 Quomodo
555 972 591 1018 ε
625 934 719 999 Valde
745 971 783 980 -
809 934 911 998 Militi
931 970 972 979 —
993 934 1094 998 Tuam
1116 972 1152 980 —
1175 935 1246 999 Elio
1266 974 1308 981 —

163 1042 246 1123 Quin
270 1047 303 1105 tu
326 1078 370 1087 —
393 1063 412 1104 a
436 1065 462 1108 v.
482 1042 562 1107 470:
585 1043 652 1123 Ape
677 1078 715 1088 -
741 1041 813 1105 Ione
837 1041 893 1104 tibi
915 1077 956 1086 —
982 1064 1047 1106 av.
1065 1042 1141 1106 711:
1168 1040 1195 1105 0
1205 1044 1310 1107 Attuli

163 1185 204 1195 -—
231 1142 386 1214 Cicurinus
407 1185 445 1195 —
468 1148 550 1229 Qrein
569 1153 601 1213 tu
622 1185 660 1195 —
682 1170 701 1211 a
720 1170 746 1212 v.
765 1148 861 1212 100οε
885 1148 1059 1231 Imupinem
1085 1186 1121 1194 —
1154 1148 1245 1214 Video
1268 1187 1305 1195 -

161 1255 216 1320 Ila
243 1292 287 1301 —
313 1255 435 1320 Eodem
464 1293 504 1301 -
536 1255 619 1336 Quid
647 1291 685 1301 -
718 1255 820 1320 Tunes
842 1292 884 1302 -
910 1256 970 1336 Qui
996 1256 1160 1339 epistularu
1184 1293 1223 1302 —-
1250 1257 1309 1320 Sa·

162 1363 253 1427 lirum
283 1399 323 1408 -
353 1384 424 1427 av.
450 1362 550 1427 1155:
574 1361 778 1427 Pirouietume
806 1399 847 1407 —
875 1361 922 1426 At
943 1362 1121 1426 maternitate
1147 1399 1183 1407 —
1217 1363 1309 1427 Video

164 1507 204 1517 —
230 1467 329 1535 Mune
354 1507 391 1515 —
419 1469 502 1551 Quid
523 1470 645 1552 opinens
674 1506 711 1515 —
743 1470 798 1533 An
824 1469 921 1534 arescis
946 1507 979 1515 —
1009 1470 1128 1550 Edepol
1154 1506 1190 1514 —
1218 1470 1309 1536 Com-

161 1582 327 1642 nreulumst
363 1614 400 1623 —
435 1576 530 1641 Dedit
560 1613 604 1623 —
637 1575 808 1641 Pseudolus
841 1612 879 1622 -
915 1576 1021 1641 Habes
1056 1581 1232 1659 nerperdron
1268 1613 1306 1622 —

163 1685 252 1748 Heus
276 1721 316 1730 —
340 1684 508 1750 Coruinuue
535 1720 576 1729 -
608 1683 708 1763 Quum
735 1703 807 1748 mou
832 1719 871 1729 -
896 1683 1133 1765 Exploratores
1160 1720 1197 1729 —
1222 1684 1309 1748 Adeo

162 1827 205 1837 —
234 1789 364 1873 Sequere
393 1827 429 1836 -
461 1790 599 1855 Securum
627 1826 668 1837 -
697 1791 783 1855 Num
810 1811 862 1872 epo
889 1827 933 1836 —
960 1791 1044 1855 Anet
1071 1791 1136 1854 iarn
1160 1782 1200 1836 -’-
1230 1796 1309 1870 000-

163 1903 245 1962 tumo
272 1935 308 1944 —
334 1897 461 1963 strenui
483 1936 525 1946 -
555 1898 613 1963 Vlii
643 1934 680 1943 —
713 1898 796 1977 Qum
821 1898 870 1961 ois
895 1933 936 1943 -
959 1897 1130 1961 Etiamne
1156 1935 1192 1943 —
1219 1897 1310 1966 Sani.

163 2002 317 2069 Codicum
350 2003 411 2069 OD
450 2005 690 2088 discriptionem
726 2026 798 2068 cum
835 2025 937 2089 neque
969 2003 1166 2068 Ritschelius
1205 2028 1309 2090 neque

163 2109 341 2176 Sehoellius
374 2112 492 2196 ubique
520 2112 737 2194 adnotaverit,
770 2115 806 2175 ut
833 2134 928 2195 quam
952 2132 1046 2175 nemo
1071 2111 1309 2177 desideraturus

162 2217 218 2300 sit,
242 2219 367 2283 omitto.

253 2322 301 2388 Dc
329 2345 468 2410 graeco
498 2324 708 2410 exemplari
738 2325 783 2390 nil
813 2328 955 2392 constat:
984 2324 1022 2388 de
1050 2326 1140 2389 cuius
1164 2329 1310 2410 tempore

163 2454 245 2516 quae
269 2433 406 2515 protulit
429 2432 625 2498 Usencrns
652 2432 760 2517 Symb.
780 2432 858 2516 phil.
877 2430 978 2496 Bonn.
998 2453 1027 2514 p.
1047 2431 1112 2497 593
1136 2432 1311 2498 incertiora

164 2538 245 2602 mihi
267 2538 425 2604 videntur.
468 2539 573 2605 Multo
596 2543 705 2603 tamen
730 2540 834 2603 minus
853 2539 1006 2622 intellego
1026 2559 1082 2602 cur
1106 2540 1144 2602 ad
1169 2541 1310 2605 mediani

164 2667 246 2729 qnae
265 2644 383 2711 dieitur
398 2646 597 2711 comoediam
617 2646 762 2710 fabulam
776 2645 974 2710 revocaverit
988 2641 1176 2728 Bergkius
1192 2646 1310 2731 Opnse.

163 2753 224 2818 vol.
239 2751 271 2816 II
294 2775 324 2836 p.
341 2754 404 2817 744
427 2757 460 2816 et
483 2750 606 2816 ‘Beitn'
628 2775 658 2836 p.
675 2754 736 2817 141
763 2750 816 2837 (cf.
833 2750 1011 2817 Schoellius
1026 2751 1119 2816 Anal.
1136 2752 1181 2817 Pl.
1197 2777 1227 2837 p.
1244 2753 1310 2838 15).

164 2857 369 2943 Quantopere
384 2860 454 2943 ipse
469 2859 603 2924 Plautus
618 2860 701 2925 hane
717 2859 860 2924 fabulam
876 2860 1031 2941 dilexerit,
1045 2863 1185 2924 testatur
1196 2859 1309 2927 Cicero

165 2964 233 3031 Cat
257 2989 298 3029 m.
320 2965 399 3031 XIV
424 2968 480 3032 50:
504 2965 612 3052 ‘quarn
637 2965 821 3051 gaudebat,
844 2967 959 3050 inquit,
983 2964 1080 3031 ‘bello
1104 2990 1162 3031 sno
1186 2967 1309 3035 Punico

165 3070 322 3156 Naevius,
351 3096 447 3159 quam
472 3073 668 3139 Truculento
693 3071 841 3156 Plautus,
866 3095 961 3158 quam
987 3072 1205 3140 Pseudolo'.

254 3180 585 3265 Compositionem
621 3181 751 3246 fabulae
788 3180 1024 3264 impeditiorem
1062 3202 1131 3244 esse
1168 3204 1206 3244 ex
1239 3181 1309 3247 Lo·

165 3291 287 3353 rennii
308 3266 347 3353 ‘et
374 3289 546 3375 Langeni
579 3289 853 3372 disputationibus
884 3293 997 3352 notum
1025 3292 1083 3352 est.
1133 3286 1218 3351 Nam
1248 3290 1311 3353 etsi

164 3394 259 3460 facile
288 3396 445 3461 removeri
473 3401 610 3481 possunt
639 3394 861 3460 additamenta
889 3394 1046 3479 quaedam
1076 3396 1124 3459 vel
1149 3417 1186 3458 ex
1212 3396 1311 3460 inter·

164 3502 330 3586 polatione
353 3503 404 3567 vel
428 3526 466 3568 ex
490 3502 636 3567 diasceue
661 3502 844 3588 repetenda,
868 3507 978 3567 tamen
1001 3524 1067 3566 non
1087 3524 1207 3585 paucae
1227 3502 1310 3567 diffi-

163 3611 299 3675 cultates
327 3615 464 3693 restant,
499 3631 577 3693 quas
606 3609 666 3674 hae
696 3610 749 3674 via
774 3609 921 3693 expedire
951 3613 1008 3673 aut
1036 3631 1100 3672 non
1130 3611 1221 3692 potui
1252 3616 1311 3674 aut

164 3740 229 3782 non
254 3740 350 3781 ausus
374 3739 454 3782 sum.
501 3714 636 3801 Saepius
660 3716 745 3781 enim
770 3716 819 3798 fit,
843 3719 878 3779 ut
901 3715 1024 3799 aliquid
1047 3717 1213 3780 turbatum
1238 3739 1310 3781 esse

165 3825 354 3906 sentiamus,
382 3824 434 3886 via
465 3826 573 3887 tamen
603 3823 837 3893 emendat-ionis
867 3823 1019 3886 incertior
1048 3823 1103 3905 sit,
1132 3846 1228 3907 qnam
1258 3827 1311 3889 cui

165 3953 225 3995 nos
248 3931 385 3995 fidenter
409 3932 657 3996 committamus.
703 3929 796 3993 Talia
823 3951 888 4007 non
913 3930 1012 3993 semel
1037 3931 1158 3993 intaeta
1182 3931 1314 4016 reliqui,

164 4040 228 4103 nisi
252 4039 338 4122 quod
361 4040 395 4102 in
420 4039 630 4104 adnotatione
650 4038 866 4121 suspicionem
886 4037 952 4101 sive
967 4059 1071 4101 meam
1088 4036 1154 4101 sive
1169 4036 1313 4103 aliorum

164 4145 274 4230 paucis
299 4146 489 4230 significavi.

252 4252 300 4318 Dc
315 4254 467 4318 lacunis
483 4253 673 4339 quibusdam
685 4252 882 4317 Ritschelius
898 4252 944 4316 sie
958 4251 1146 4336 disputavit:
1164 4250 1315 4318 ‘Praeter

163 4361 369 4425 Ambrosiani
395 4361 512 4425 indicia
535 4382 607 4424 cum
628 4360 707 4423 alias
728 4359 884 4443 quasdam
909 4360 1065 4424 lacunas
1090 4360 1218 4442 signavi
1238 4365 1313 4426 tum

164 4491 191 4531 v.
213 4470 296 4534 1187
323 4471 355 4530 et
379 4469 460 4532 1208
486 4465 607 4550 aliquid
626 4467 804 4532 desideravi
825 4467 863 4530 ad
884 4466 1107 4549 integritatem
1127 4469 1312 4533 sententiae
