2932 5452
523 792 525 797 ,
554 740 759 795 l‘aasln‘rlo
1184 747 1230 800 LV

174 916 283 985 Tanta
305 920 414 1006 igitur,
437 923 591 1005 quantam
616 943 713 1004 supra
736 921 903 1006 descripsi,
926 944 999 986 euru
1022 923 1065 987 sit
1087 925 1231 990 librario·

85 1056 157 1099 rum
180 1034 216 1100 in
239 1035 409 1121 signandis
431 1036 577 1120 personis
592 1036 800 1121 neglegentia
818 1034 919 1121 'atque
943 1038 1172 1124 inconstantia,
1195 1043 1232 1125 si,

84 1149 170 1217 unde
197 1151 330 1217 tandem
357 1150 534 1237 probabilis
562 1151 666 1236 qualis
694 1152 793 1237 longo
821 1174 860 1217 ex
887 1156 1032 1238 tempore
1059 1155 1162 1220 l'ertur
1185 1156 1229 1220 di·

84 1267 269 1335 verbiorum
296 1266 461 1333 distinctio
493 1267 686 1350 manaverit,
718 1267 858 1352 quaeris,
890 1269 1056 1334 sciendum
1083 1274 1132 1334 est
1159 1294 1229 1336 caru

83 1382 214 1449 laudem
236 1383 378 1448 maxima
401 1404 440 1448 ex
462 1386 555 1469 parte
578 1382 669 1449 Italis
694 1385 928 1449 correctoribus
951 1385 1070 1469 deberi,
1092 1408 1229 1470 quorum

81 1498 305 1565 recensionem
327 1499 363 1564 F
381 1502 414 1563 et
436 1499 469 1564 Z
487 1501 741 1585 repraesentant.
766 1497 827 1575 Qui
851 1500 877 1563 si
901 1523 939 1564 eo
962 1499 998 1564 in
1021 1520 1138 1586 genere
1162 1525 1229 1568 non

79 1636 197 1680 ornnes
220 1636 344 1680 errores
367 1618 537 1697 caverunt,
560 1615 615 1679 sed
640 1615 797 1699 (praedam
820 1618 967 1700 posterae
991 1617 1106 1681 aetatis
1130 1619 1229 1683 edito-

76 1729 172 1795 ribus
204 1730 406 1795 emendanda
437 1731 650 1815 reliquerunt,
682 1744 791 1794 tamen
823 1731 855 1794 id
888 1735 964 1795 suut
996 1734 1158 1797 consecuti
1193 1739 1229 1798 ut

72 1845 216 1911 omnino
237 1846 389 1932 intellegi
417 1869 476 1912 nec
503 1846 705 1911 incommode
732 1846 797 1930 legi
824 1845 1047 1911 Plautinarum
1075 1871 1224 1932 persona-

70 1981 153 2026 rum
177 1982 343 2027 sermones
366 1966 508 2048 possent.

168 2193 303 2260 Praeter
325 2217 377 2279 ea,
409 2194 447 2259 de
471 2194 588 2280 quibus
611 2176 792 2277 expositum
816 2196 878 2276 est,
906 2193 969 2258 duo
993 2194 1170 2279 singularia
1199 2198 1228 2275 B

63 2309 181 2374 lrsubet
203 2309 327 2395 sibique
350 2309 490 2394 propria.
513 2308 657 2373 Primum
676 2308 747 2392 hoc,
766 2308 850 2393 quod
870 2292 1081 2393 personarunt
1101 2314 1226 2378 notatio

62 2447 146 2492 non
175 2426 215 2490 fit
240 2425 385 2510 ipsorum
412 2425 581 2490 nominum
613 2424 697 2488 binis
725 2424 865 2488 ternisve
898 2424 1013 2488 litteris
1047 2425 1225 2493 initialibus

63 2547 113 2607 ut
137 2543 175 2606 in
200 2541 313 2606 ceteris
338 2541 501 2606 codicibus
524 2563 585 2604 usu
608 2540 697 2604 venit
721 2537 793 2624 (per
816 2540 895 2604 alias
919 2540 1046 2604 fabulas
1070 2543 1168 2608 etiam
1191 2546 1225 2609 in

57 2656 126 2744 (J),
152 2657 209 2722 sed
234 2656 452 2743 singularibus
475 2656 634 2740 graecis,
657 2655 736 2719 Eius
755 2655 896 2719 instituti
916 2678 987 2719 oum
1011 2658 1106 2722 ruodo
1130 2660 1224 2743 plura

55 2773 175 2838 ruodo
200 2773 353 2857 pauciora
375 2772 512 2857 vestigia
535 2772 693 2835 servarint
716 2770 878 2835 Poenulus
902 2771 1080 2836 Pseudulns
1105 2773 1224 2840 Trucu-

55 2887 186 2954 lentus
202 2888 391 2971 Bacchides,
414 2891 483 2952 turu
507 2887 690 2972 peripsam
714 2886 937 2950 Trirrumurum
962 2908 1150 2971 graecarum
1174 2892 1223 2955 lit-

53 3007 222 3069 terarum
249 3026 326 3068 usus
354 3006 507 3067 constans
531 3006 592 3066 est:
620 3003 714 3085 idque
743 3003 802 3086 ita,
829 3005 866 3066 ut
893 3006 925 3066 et
948 3002 1167 3088 Megaronidis
1191 3011 1224 3070 et

55 3117 241 3185 Philtonis
266 3116 315 3204 (in
338 3118 380 3202 ΙΙ,
403 3116 439 3203 2)
463 3122 541 3184 nola
564 3119 585 3181 d
608 3118 663 3201 sit,
686 3116 827 3182 Calliclis
852 3123 885 3202 Β,
908 3117 1079 3183 Iaslronioi
1102 3123 1136 3204 Ε,
1161 3120 1223 3205 Ly·

51 3236 178 3301 nitelis
212 3233 258 3319 Z,
285 3233 465 3300 Charmidis
494 3233 534 3317 Θ,
562 3232 693 3297 Stasinri
723 3231 759 3317 Κ,
787 3232 1012 3318 Sycophantae
1042 3233 1076 3298 Χ.
1101 3236 1166 3301 Vbi
1195 3238 1222 3301 si

50 3351 235 3418 mirabere
268 3351 348 3416 duas
380 3372 535 3435 personas
569 3371 632 3413 una
665 3372 733 3413 esse
761 3350 782 3412 d
810 3355 888 3413 nota
916 3350 1075 3435 signatas,
1103 3352 1134 3415 id
1159 3376 1222 3436 qna

48 3469 204 3533 ratione
227 3471 358 3551 regatur
377 3488 537 3550 quamque
556 3466 621 3529 viru
644 3465 772 3549 habeat,
794 3467 905 3550 paucis
929 3489 1016 3530 nunc
1040 3467 1221 3551 siguriticare

47 3585 206 3649 tantum
228 3582 333 3666 liceat,
355 3581 552 3646 accuratiore
576 3581 654 3645 illud
674 3582 861 3665 quauestiono
885 3582 962 3646 olim
986 3583 1046 3666 vel,
1069 3583 1095 3646 si
1119 3584 1221 3647 otium

47 3699 184 3780 fuerit,
207 3698 392 3782 propediem
411 3683 622 3782 probandum.
641 3696 713 3762 Nisi
737 3698 823 3761 enim
847 3698 956 3761 omnia
979 3699 1108 3782 fallunt,
1131 3721 1220 3784 grae·

48 3836 128 3881 ctae
158 3814 287 3878 litterae
316 3813 389 3877 illae
417 3835 484 3877 non
512 3812 747 3896 distinguendis
779 3817 906 3876 tantum
930 3813 1037 3896 aliquo
1061 3815 1220 3878 scribendi

47 3929 268 4015 compendio
296 3929 442 4013 personis
470 3928 665 4012 inserviunt,
693 3928 747 3990 sed
776 3928 816 3990 ad
841 3931 985 3991 actarum
1009 3930 1219 4012 agendarum-

46 4067 134 4133 que
160 4045 345 4110 fabularum
369 4044 539 4109 eonsilium
563 4048 659 4127 atque
684 4046 875 4127 apparatum
899 4046 1056 4126 spectant:
1084 4044 1129 4107 ita
1152 4045 1219 4127 qui-

48 4161 158 4245 dem,
181 4164 219 4226 ut
237 4184 318 4244 quae
337 4163 445 4244 partes
464 4163 543 4244 quot
566 4163 599 4222 ot
617 4182 753 4242 (pronum
776 4159 971 4223 histrionum
993 4159 1123 4242 fuerint,
1145 4160 1218 4224 toti·

49 4277 148 4344 dem
177 4276 358 4341 litterarum
382 4276 468 4341 notis
497 4275 683 4338 declaretur.
707 4274 852 4357 Eamque
881 4275 1039 4338 rationem
1064 4275 1161 4338 etiam
1184 4275 1219 4338 in

50 4387 271 4459 Bembinum
299 4392 440 4456 codicem
464 4390 606 4454 Terentii
630 4391 756 4473 eadere,
784 4391 817 4453 in
841 4412 904 4473 quo
928 4412 1139 4473 personarum
1162 4413 1218 4455 110·

53 4509 154 4574 tasio
184 4507 308 4593 graecis
336 4507 452 4571 litteris
480 4508 567 4570 faeta
598 4529 655 4589 per
683 4527 794 4569 omnes
822 4506 949 4569 fabulas
977 4506 1117 4589 pertinet
1144 4529 1218 4571 con·

60 4624 287 4706 stantissime,
313 4623 378 4687 iam
405 4626 474 4685 turn
502 4622 580 4685 mihi
609 4622 694 4685 visus
722 4645 793 4685 sum
820 4621 1021 4706 intellegere,
1049 4644 1121 4687 cum
1145 4646 1218 4687 eum

62 4736 192 4805 librum
216 4743 292 4803 ante
316 4738 376 4804 hos
396 4752 509 4799 xxxnl
530 4760 633 4802 annos
658 4737 781 4802 curiose
805 4739 941 4802 tractavi
961 4739 994 4802 in
1013 4738 1218 4824 bybliotheca
