<?xml version="1.0" encoding="UTF-8"?>
<!DOCTYPE html PUBLIC "-//W3C//DTD XHTML 1.0 Transitional//EN"
    "http://www.w3.org/TR/xhtml1/DTD/xhtml1-transitional.dtd">
<html xmlns="http://www.w3.org/1999/xhtml" xml:lang="en" lang="en">
 <head>
  <title>
</title>
<meta http-equiv="Content-Type" content="text/html;charset=utf-8" />
  <meta name='ocr-system' content='tesseract 3.04.00' />
  <meta name='ocr-capabilities' content='ocr_page ocr_carea ocr_par ocr_line ocrx_word'/>
</head>
<body>
  <div class='ocr_page' id='page_1' title='image "./tmacciplauticom02schgoog_0436.png"; bbox 0 0 2934 5048; ppageno 0'>
   <div class='ocr_carea' id='block_1_1' title="bbox 567 337 1240 407">
    <p class='ocr_par' dir='ltr' id='par_1_1' title="bbox 567 337 1240 407">
     <span class='ocr_line' id='line_1_1' title="bbox 567 337 1240 407; baseline 0 -14"><span class='ocrx_word' id='word_1_1' title='bbox 567 337 774 394; x_wconf 73' lang='lat' dir='ltr'><strong>PRAEFATIO</strong></span> <span class='ocrx_word' id='word_1_2' title='bbox 1204 363 1240 407; x_wconf 73' lang='lat' dir='ltr'>xp</span> 
     </span>
    </p>
   </div>
   <div class='ocr_carea' id='block_1_2' title="bbox 88 500 1241 4414">
    <p class='ocr_par' dir='ltr' id='par_1_2' title="bbox 91 500 1241 1226">
     <span class='ocr_line' id='line_1_2' title="bbox 91 500 1241 586; baseline 0.003 -21"><span class='ocrx_word' id='word_1_3' title='bbox 91 501 254 583; x_wconf 78' lang='lat' dir='ltr'>servaret,</span> <span class='ocrx_word' id='word_1_4' title='bbox 280 500 368 567; x_wconf 86' lang='lat' dir='ltr'>idem</span> <span class='ocrx_word' id='word_1_5' title='bbox 396 504 506 566; x_wconf 88' lang='lat' dir='ltr'>tamen</span> <span class='ocrx_word' id='word_1_6' title='bbox 535 502 619 567; x_wconf 88' lang='lat' dir='ltr'>liber</span> <span class='ocrx_word' id='word_1_7' title='bbox 648 502 680 566; x_wconf 93' lang='lat' dir='ltr'>in</span> <span class='ocrx_word' id='word_1_8' title='bbox 714 503 793 586; x_wconf 91' lang='lat' dir='ltr'>ipsis</span> <span class='ocrx_word' id='word_1_9' title='bbox 818 503 1020 568; x_wconf 80' lang='lat' dir='ltr'>sermonibus</span> <span class='ocrx_word' id='word_1_10' title='bbox 1044 504 1170 569; x_wconf 84' lang='lat' dir='ltr'>novicio</span> <span class='ocrx_word' id='word_1_11' title='bbox 1194 505 1241 568; x_wconf 91' lang='lat' dir='ltr'>in-</span> 
     </span>
     <span class='ocr_line' id='line_1_3' title="bbox 93 606 1241 692; baseline 0.006 -23"><span class='ocrx_word' id='word_1_12' title='bbox 93 610 194 671; x_wconf 83' lang='lat' dir='ltr'>vento</span> <span class='ocrx_word' id='word_1_13' title='bbox 224 606 330 673; x_wconf 88' lang='lat' dir='ltr'>locum</span> <span class='ocrx_word' id='word_1_14' title='bbox 361 608 454 673; x_wconf 88' lang='lat' dir='ltr'>daret</span> <span class='ocrx_word' id='word_1_15' title='bbox 483 612 517 673; x_wconf 88' lang='lat' dir='ltr'>et</span> <span class='ocrx_word' id='word_1_16' title='bbox 546 608 719 690; x_wconf 72' lang='lat' dir='ltr'>Panoppris</span> <span class='ocrx_word' id='word_1_17' title='bbox 751 608 937 673; x_wconf 89' lang='lat' dir='ltr'>admitteret</span> <span class='ocrx_word' id='word_1_18' title='bbox 964 632 1023 692; x_wconf 91' lang='lat' dir='ltr'>pro</span> <span class='ocrx_word' id='word_1_19' title='bbox 1053 610 1241 676; x_wconf 72' lang='lat' dir='ltr'>Philumena</span> 
     </span>
     <span class='ocr_line' id='line_1_4' title="bbox 92 712 1239 799; baseline 0 -20"><span class='ocrx_word' id='word_1_20' title='bbox 92 736 123 779; x_wconf 86' lang='lat' dir='ltr'>v.</span> <span class='ocrx_word' id='word_1_21' title='bbox 146 714 222 780; x_wconf 76' lang='lat'>247.</span> <span class='ocrx_word' id='word_1_22' title='bbox 245 714 319 779; x_wconf 84' lang='lat'>331.</span> <span class='ocrx_word' id='word_1_23' title='bbox 364 712 489 790; x_wconf 85' lang='lat' dir='ltr'>Quibus</span> <span class='ocrx_word' id='word_1_24' title='bbox 513 716 592 780; x_wconf 90' lang='lat' dir='ltr'>locis</span> <span class='ocrx_word' id='word_1_25' title='bbox 617 716 749 780; x_wconf 90' lang='lat' dir='ltr'>maioris</span> <span class='ocrx_word' id='word_1_26' title='bbox 773 717 888 799; x_wconf 89' lang='lat' dir='ltr'><strong>opinor</strong></span> <span class='ocrx_word' id='word_1_27' title='bbox 912 715 1066 780; x_wconf 82' lang='lat' dir='ltr'>audaciae</span> <span class='ocrx_word' id='word_1_28' title='bbox 1094 716 1239 780; x_wconf 88' lang='lat' dir='ltr'>futurum</span> 
     </span>
     <span class='ocr_line' id='line_1_5' title="bbox 93 821 1241 908; baseline 0 -23"><span class='ocrx_word' id='word_1_29' title='bbox 93 825 166 886; x_wconf 86' lang='lat' dir='ltr'>orat</span> <span class='ocrx_word' id='word_1_30' title='bbox 197 821 396 887; x_wconf 73' lang='lat' dir='ltr'><strong>tralaticium</strong></span> <span class='ocrx_word' id='word_1_31' title='bbox 427 844 545 887; x_wconf 92' lang='lat' dir='ltr'>nomen</span> <span class='ocrx_word' id='word_1_32' title='bbox 577 824 738 906; x_wconf 81' lang='lat' dir='ltr'>patienter</span> <span class='ocrx_word' id='word_1_33' title='bbox 771 844 950 908; x_wconf 81' lang='lat' dir='ltr'>propagare</span> <span class='ocrx_word' id='word_1_34' title='bbox 983 845 1081 907; x_wconf 87' lang='lat' dir='ltr'>quam</span> <span class='ocrx_word' id='word_1_35' title='bbox 1113 826 1241 905; x_wconf 89' lang='lat' dir='ltr'>praeter</span> 
     </span>
     <span class='ocr_line' id='line_1_6' title="bbox 93 927 1239 1015; baseline 0.001 -24"><span class='ocrx_word' id='word_1_36' title='bbox 93 929 197 994; x_wconf 91' lang='lat' dir='ltr'>libros</span> <span class='ocrx_word' id='word_1_37' title='bbox 225 927 423 993; x_wconf 87' lang='lat' dir='ltr'>confidenter</span> <span class='ocrx_word' id='word_1_38' title='bbox 450 928 630 994; x_wconf 88' lang='lat' dir='ltr'>instaurare</span> <span class='ocrx_word' id='word_1_39' title='bbox 661 930 848 1013; x_wconf 87' lang='lat' dir='ltr'>pristinum,</span> <span class='ocrx_word' id='word_1_40' title='bbox 880 932 966 1015; x_wconf 92' lang='lat' dir='ltr'>quod</span> <span class='ocrx_word' id='word_1_41' title='bbox 994 928 1123 1014; x_wconf 88' lang='lat' dir='ltr'>quidem</span> <span class='ocrx_word' id='word_1_42' title='bbox 1152 929 1239 992; x_wconf 88' lang='lat' dir='ltr'>illius</span> 
     </span>
     <span class='ocr_line' id='line_1_7' title="bbox 94 1031 1239 1121; baseline -0.002 -21"><span class='ocrx_word' id='word_1_43' title='bbox 94 1035 320 1121; x_wconf 85' lang='lat' dir='ltr'>prosodiacam</span> <span class='ocrx_word' id='word_1_44' title='bbox 345 1056 530 1100; x_wconf 89' lang='lat' dir='ltr'>mensuram</span> <span class='ocrx_word' id='word_1_45' title='bbox 554 1031 626 1119; x_wconf 89' lang='lat' dir='ltr'>pari</span> <span class='ocrx_word' id='word_1_46' title='bbox 649 1037 775 1101; x_wconf 89' lang='lat' dir='ltr'>ratione</span> <span class='ocrx_word' id='word_1_47' title='bbox 795 1041 1029 1121; x_wconf 78' lang='lat' dir='ltr'>aequabatque</span> <span class='ocrx_word' id='word_1_48' title='bbox 1053 1057 1135 1117; x_wconf 87' lang='lat' dir='ltr'>quae</span> <span class='ocrx_word' id='word_1_49' title='bbox 1154 1037 1239 1099; x_wconf 87' lang='lat' dir='ltr'>inter</span> 
     </span>
     <span class='ocr_line' id='line_1_8' title="bbox 94 1141 930 1226; baseline 0 -20"><span class='ocrx_word' id='word_1_50' title='bbox 94 1141 304 1226; x_wconf 88' lang='lat' dir='ltr'>Pamphila</span> <span class='ocrx_word' id='word_1_51' title='bbox 327 1147 360 1205; x_wconf 89' lang='lat' dir='ltr'>et</span> <span class='ocrx_word' id='word_1_52' title='bbox 382 1142 582 1207; x_wconf 88' lang='lat' dir='ltr'>Pinacium</span> <span class='ocrx_word' id='word_1_53' title='bbox 606 1142 728 1207; x_wconf 88' lang='lat' dir='ltr'>formas</span> <span class='ocrx_word' id='word_1_54' title='bbox 752 1144 930 1208; x_wconf 78' lang='lat' dir='ltr'>intercedit.</span> 
     </span>
    </p>

    <p class='ocr_par' dir='ltr' id='par_1_3' title="bbox 88 1248 1241 2382">
     <span class='ocr_line' id='line_1_9' title="bbox 184 1248 1239 1335; baseline 0 -22"><span class='ocrx_word' id='word_1_55' title='bbox 184 1248 302 1314; x_wconf 78' lang='lat' dir='ltr'>Effecit</span> <span class='ocrx_word' id='word_1_56' title='bbox 334 1252 443 1313; x_wconf 89' lang='lat' dir='ltr'>autem</span> <span class='ocrx_word' id='word_1_57' title='bbox 479 1248 575 1313; x_wconf 89' lang='lat' dir='ltr'>huius</span> <span class='ocrx_word' id='word_1_58' title='bbox 613 1249 659 1312; x_wconf 89' lang='lat' dir='ltr'>rei</span> <span class='ocrx_word' id='word_1_59' title='bbox 691 1248 869 1332; x_wconf 86' lang='lat' dir='ltr'>evidentia,</span> <span class='ocrx_word' id='word_1_60' title='bbox 906 1254 942 1314; x_wconf 92' lang='lat' dir='ltr'>ut</span> <span class='ocrx_word' id='word_1_61' title='bbox 974 1249 1239 1335; x_wconf 72' lang='lat' dir='ltr'>progrederemur</span> 
     </span>
     <span class='ocr_line' id='line_1_10' title="bbox 93 1354 1239 1440; baseline -0.002 -19"><span class='ocrx_word' id='word_1_62' title='bbox 93 1355 225 1440; x_wconf 80' lang='lat' dir='ltr'>longius</span> <span class='ocrx_word' id='word_1_63' title='bbox 249 1358 281 1420; x_wconf 90' lang='lat' dir='ltr'>et</span> <span class='ocrx_word' id='word_1_64' title='bbox 305 1356 387 1420; x_wconf 88' lang='lat' dir='ltr'>alius</span> <span class='ocrx_word' id='word_1_65' title='bbox 406 1355 546 1420; x_wconf 87' lang='lat' dir='ltr'>nominis</span> <span class='ocrx_word' id='word_1_66' title='bbox 569 1354 789 1438; x_wconf 82' lang='lat' dir='ltr'>integritatem</span> <span class='ocrx_word' id='word_1_67' title='bbox 809 1357 948 1439; x_wconf 91' lang='lat' dir='ltr'>primum</span> <span class='ocrx_word' id='word_1_68' title='bbox 968 1356 1239 1439; x_wconf 86' lang='lat' dir='ltr'>addubitaremus,</span> 
     </span>
     <span class='ocr_line' id='line_1_11' title="bbox 92 1462 1239 1547; baseline -0.001 -21"><span class='ocrx_word' id='word_1_69' title='bbox 92 1485 169 1526; x_wconf 85' lang='lat' dir='ltr'>mox</span> <span class='ocrx_word' id='word_1_70' title='bbox 199 1467 307 1527; x_wconf 85' lang='lat' dir='ltr'>autem</span> <span class='ocrx_word' id='word_1_71' title='bbox 337 1462 508 1547; x_wconf 78' lang='lat' dir='ltr'>diligenter</span> <span class='ocrx_word' id='word_1_72' title='bbox 538 1466 608 1526; x_wconf 89' lang='lat' dir='ltr'>tota</span> <span class='ocrx_word' id='word_1_73' title='bbox 635 1485 750 1526; x_wconf 83' lang='lat' dir='ltr'>caussa</span> <span class='ocrx_word' id='word_1_74' title='bbox 778 1464 941 1547; x_wconf 87' lang='lat' dir='ltr'>pensitata</span> <span class='ocrx_word' id='word_1_75' title='bbox 969 1464 1065 1527; x_wconf 84' lang='lat' dir='ltr'>tidem</span> <span class='ocrx_word' id='word_1_76' title='bbox 1094 1484 1159 1525; x_wconf 90' lang='lat' dir='ltr'>nou</span> <span class='ocrx_word' id='word_1_77' title='bbox 1183 1463 1239 1526; x_wconf 89' lang='lat' dir='ltr'>ha-</span> 
     </span>
     <span class='ocr_line' id='line_1_12' title="bbox 93 1569 1238 1653; baseline 0 -20"><span class='ocrx_word' id='word_1_78' title='bbox 93 1571 171 1634; x_wconf 89' lang='lat' dir='ltr'>bere</span> <span class='ocrx_word' id='word_1_79' title='bbox 204 1570 340 1634; x_wconf 87' lang='lat' dir='ltr'>firmiter</span> <span class='ocrx_word' id='word_1_80' title='bbox 368 1571 462 1635; x_wconf 92' lang='lat' dir='ltr'>nobis</span> <span class='ocrx_word' id='word_1_81' title='bbox 491 1569 763 1652; x_wconf 88' lang='lat' dir='ltr'>persuaderemus.</span> <span class='ocrx_word' id='word_1_82' title='bbox 814 1570 898 1633; x_wconf 85' lang='lat' dir='ltr'>Nam</span> <span class='ocrx_word' id='word_1_83' title='bbox 928 1593 999 1635; x_wconf 85' lang='lat' dir='ltr'>curn</span> <span class='ocrx_word' id='word_1_84' title='bbox 1031 1573 1064 1633; x_wconf 88' lang='lat' dir='ltr'>ct</span> <span class='ocrx_word' id='word_1_85' title='bbox 1091 1570 1238 1653; x_wconf 86' lang='lat' dir='ltr'>exemplo</span> 
     </span>
     <span class='ocr_line' id='line_1_13' title="bbox 90 1677 1238 1760; baseline -0.002 -20"><span class='ocrx_word' id='word_1_86' title='bbox 90 1677 287 1742; x_wconf 85' lang='lat' dir='ltr'>destitutum</span> <span class='ocrx_word' id='word_1_87' title='bbox 311 1680 344 1741; x_wconf 88' lang='lat' dir='ltr'>ct</span> <span class='ocrx_word' id='word_1_88' title='bbox 365 1700 385 1740; x_wconf 89' lang='lat' dir='ltr'>a</span> <span class='ocrx_word' id='word_1_89' title='bbox 408 1678 545 1759; x_wconf 87' lang='lat' dir='ltr'>ratione,</span> <span class='ocrx_word' id='word_1_90' title='bbox 574 1677 602 1739; x_wconf 86' lang='lat' dir='ltr'>si</span> <span class='ocrx_word' id='word_1_91' title='bbox 631 1699 696 1740; x_wconf 86' lang='lat' dir='ltr'>non</span> <span class='ocrx_word' id='word_1_92' title='bbox 720 1700 852 1760; x_wconf 87' lang='lat' dir='ltr'>prorsus</span> <span class='ocrx_word' id='word_1_93' title='bbox 876 1679 1107 1758; x_wconf 87' lang='lat' dir='ltr'>reiectaneum,</span> <span class='ocrx_word' id='word_1_94' title='bbox 1131 1680 1166 1741; x_wconf 89' lang='lat' dir='ltr'>at</span> <span class='ocrx_word' id='word_1_95' title='bbox 1188 1697 1238 1740; x_wconf 89' lang='lat' dir='ltr'>sa-</span> 
     </span>
     <span class='ocr_line' id='line_1_14' title="bbox 89 1783 1239 1869; baseline -0.003 -21"><span class='ocrx_word' id='word_1_96' title='bbox 89 1786 134 1848; x_wconf 90' lang='lat' dir='ltr'>tis</span> <span class='ocrx_word' id='word_1_97' title='bbox 164 1784 282 1849; x_wconf 88' lang='lat' dir='ltr'>mirum</span> <span class='ocrx_word' id='word_1_98' title='bbox 310 1785 354 1848; x_wconf 88' lang='lat' dir='ltr'>sit</span> <span class='ocrx_word' id='word_1_99' title='bbox 387 1783 644 1849; x_wconf 79' lang='lat' dir='ltr'>PAMPfflnrers</span> <span class='ocrx_word' id='word_1_100' title='bbox 677 1806 794 1849; x_wconf 88' lang='lat' dir='ltr'>nomen</span> <span class='ocrx_word' id='word_1_101' title='bbox 816 1784 992 1869; x_wconf 85' lang='lat' dir='ltr'>Epignomi</span> <span class='ocrx_word' id='word_1_102' title='bbox 1017 1783 1109 1847; x_wconf 87' lang='lat' dir='ltr'>fratri</span> <span class='ocrx_word' id='word_1_103' title='bbox 1141 1783 1239 1866; x_wconf 84' lang='lat' dir='ltr'>vulgo</span> 
     </span>
     <span class='ocr_line' id='line_1_15' title="bbox 89 1890 1239 1975; baseline -0.002 -20"><span class='ocrx_word' id='word_1_104' title='bbox 89 1891 246 1975; x_wconf 87' lang='lat' dir='ltr'>inditum,</span> <span class='ocrx_word' id='word_1_105' title='bbox 273 1895 342 1954; x_wconf 90' lang='lat' dir='ltr'>tum</span> <span class='ocrx_word' id='word_1_106' title='bbox 367 1913 431 1955; x_wconf 91' lang='lat' dir='ltr'>uno</span> <span class='ocrx_word' id='word_1_107' title='bbox 455 1891 584 1955; x_wconf 85' lang='lat' dir='ltr'>fabulae</span> <span class='ocrx_word' id='word_1_108' title='bbox 612 1891 683 1956; x_wconf 92' lang='lat' dir='ltr'>loeo</span> <span class='ocrx_word' id='word_1_109' title='bbox 710 1914 768 1975; x_wconf 92' lang='lat' dir='ltr'>pro</span> <span class='ocrx_word' id='word_1_110' title='bbox 797 1892 852 1954; x_wconf 92' lang='lat' dir='ltr'>illo</span> <span class='ocrx_word' id='word_1_111' title='bbox 883 1890 1084 1954; x_wconf 72' lang='lat' dir='ltr'>l&#39;snn‘fflnvs</span> <span class='ocrx_word' id='word_1_112' title='bbox 1108 1890 1142 1952; x_wconf 86' lang='lat' dir='ltr'>iu</span> <span class='ocrx_word' id='word_1_113' title='bbox 1168 1891 1239 1972; x_wconf 90' lang='lat' dir='ltr'>ipso</span> 
     </span>
     <span class='ocr_line' id='line_1_16' title="bbox 91 1996 1241 2082; baseline -0.002 -21"><span class='ocrx_word' id='word_1_114' title='bbox 91 1996 315 2061; x_wconf 82' lang='lat' dir='ltr'>Ambrosiano</span> <span class='ocrx_word' id='word_1_115' title='bbox 346 2002 488 2081; x_wconf 84' lang='lat' dir='ltr'>apparet.</span> <span class='ocrx_word' id='word_1_116' title='bbox 538 1996 662 2082; x_wconf 80' lang='lat' dir='ltr'>Estque</span> <span class='ocrx_word' id='word_1_117' title='bbox 695 1999 722 2063; x_wconf 91' lang='lat' dir='ltr'>is</span> <span class='ocrx_word' id='word_1_118' title='bbox 751 1998 841 2063; x_wconf 89' lang='lat' dir='ltr'>locus</span> <span class='ocrx_word' id='word_1_119' title='bbox 875 1999 921 2063; x_wconf 88' lang='lat' dir='ltr'>ita</span> <span class='ocrx_word' id='word_1_120' title='bbox 953 2001 1172 2080; x_wconf 86' lang='lat' dir='ltr'>comparatus,</span> <span class='ocrx_word' id='word_1_121' title='bbox 1204 2000 1241 2060; x_wconf 92' lang='lat' dir='ltr'>ut</span> 
     </span>
     <span class='ocr_line' id='line_1_17' title="bbox 88 2102 1239 2188; baseline 0 -22"><span class='ocrx_word' id='word_1_122' title='bbox 88 2108 222 2167; x_wconf 83' lang='lat' dir='ltr'>serrata</span> <span class='ocrx_word' id='word_1_123' title='bbox 250 2102 548 2188; x_wconf 88' lang='lat' dir='ltr'>Pamphilippus</span> <span class='ocrx_word' id='word_1_124' title='bbox 577 2105 683 2170; x_wconf 88' lang='lat' dir='ltr'>forma</span> <span class='ocrx_word' id='word_1_125' title='bbox 705 2107 759 2169; x_wconf 85' lang='lat' dir='ltr'>vir</span> <span class='ocrx_word' id='word_1_126' title='bbox 788 2106 854 2169; x_wconf 89' lang='lat' dir='ltr'>ullo</span> <span class='ocrx_word' id='word_1_127' title='bbox 884 2110 977 2188; x_wconf 86' lang='lat' dir='ltr'>pac-to</span> <span class='ocrx_word' id='word_1_128' title='bbox 1001 2105 1118 2168; x_wconf 87' lang='lat' dir='ltr'>rationi</span> <span class='ocrx_word' id='word_1_129' title='bbox 1143 2104 1239 2167; x_wconf 88' lang='lat' dir='ltr'>satis-</span> 
     </span>
     <span class='ocr_line' id='line_1_18' title="bbox 88 2210 1239 2294; baseline -0.001 -21"><span class='ocrx_word' id='word_1_130' title='bbox 88 2211 159 2274; x_wconf 78' lang='lat' dir='ltr'>fiat.</span> <span class='ocrx_word' id='word_1_131' title='bbox 211 2210 420 2294; x_wconf 83' lang='lat' dir='ltr'>Quocumque</span> <span class='ocrx_word' id='word_1_132' title='bbox 448 2212 535 2275; x_wconf 89' lang='lat' dir='ltr'>enim</span> <span class='ocrx_word' id='word_1_133' title='bbox 563 2213 658 2277; x_wconf 92' lang='lat' dir='ltr'>modo</span> <span class='ocrx_word' id='word_1_134' title='bbox 689 2234 799 2277; x_wconf 87' lang='lat' dir='ltr'>versus</span> <span class='ocrx_word' id='word_1_135' title='bbox 828 2213 892 2275; x_wconf 80' lang='lat'>393</span> <span class='ocrx_word' id='word_1_136' title='bbox 923 2212 1035 2293; x_wconf 85' lang='lat' dir='ltr'>verba,</span> <span class='ocrx_word' id='word_1_137' title='bbox 1067 2210 1176 2294; x_wconf 89' lang='lat' dir='ltr'>qualia</span> <span class='ocrx_word' id='word_1_138' title='bbox 1207 2210 1239 2272; x_wconf 91' lang='lat' dir='ltr'>in</span> 
     </span>
     <span class='ocr_line' id='line_1_19' title="bbox 88 2315 418 2382; baseline 0.006 -2"><span class='ocrx_word' id='word_1_139' title='bbox 88 2315 253 2381; x_wconf 82' lang='lat' dir='ltr'>Palatinis</span> <span class='ocrx_word' id='word_1_140' title='bbox 276 2321 418 2382; x_wconf 85' lang='lat' dir='ltr'>exstant:</span> 
     </span>
    </p>

    <p class='ocr_par' dir='ltr' id='par_1_4' title="bbox 183 2420 1240 2508">
     <span class='ocr_line' id='line_1_20' title="bbox 183 2420 1240 2508; baseline 0.002 -23"><span class='ocrx_word' id='word_1_141' title='bbox 183 2420 328 2487; x_wconf 77' lang='lat' dir='ltr'>Vidistin</span> <span class='ocrx_word' id='word_1_142' title='bbox 357 2429 462 2488; x_wconf 89' lang='lat' dir='ltr'>uirum</span> <span class='ocrx_word' id='word_1_143' title='bbox 491 2424 612 2489; x_wconf 91' lang='lat' dir='ltr'>sororis</span> <span class='ocrx_word' id='word_1_144' title='bbox 639 2424 926 2508; x_wconf 78' lang='lat' dir='ltr'>Pamphilippum?</span> <span class='ocrx_word' id='word_1_145' title='bbox 950 2459 992 2470; x_wconf 91' lang='lat'>·--</span> <span class='ocrx_word' id='word_1_146' title='bbox 1016 2424 1092 2488; x_wconf 91' lang='lat' dir='ltr'>Non</span> <span class='ocrx_word' id='word_1_147' title='bbox 1140 2422 1240 2488; x_wconf 51' lang='lat' dir='ltr'>¹adest</span> 
     </span>
    </p>

    <p class='ocr_par' dir='ltr' id='par_1_5' title="bbox 90 2527 1240 3152">
     <span class='ocr_line' id='line_1_21' title="bbox 182 2527 432 2612; baseline 0.012 -20"><span class='ocrx_word' id='word_1_148' title='bbox 182 2527 288 2595; x_wconf 80' lang='lat' dir='ltr'>immo</span> <span class='ocrx_word' id='word_1_149' title='bbox 311 2551 335 2594; x_wconf 87' lang='lat' dir='ltr'>e.</span> <span class='ocrx_word' id='word_1_150' title='bbox 357 2552 384 2612; x_wconf 82' lang='lat' dir='ltr'>q.</span> <span class='ocrx_word' id='word_1_151' title='bbox 406 2550 432 2595; x_wconf 86' lang='lat' dir='ltr'>s.</span> 
     </span>
     <span class='ocr_line' id='line_1_22' title="bbox 90 2637 1240 2723; baseline -0.003 -21"><span class='ocrx_word' id='word_1_152' title='bbox 90 2638 144 2702; x_wconf 81' lang='lat' dir='ltr'>rel</span> <span class='ocrx_word' id='word_1_153' title='bbox 172 2637 321 2720; x_wconf 86' lang='lat' dir='ltr'>personis</span> <span class='ocrx_word' id='word_1_154' title='bbox 350 2637 552 2701; x_wconf 88' lang='lat' dir='ltr'>distribueris</span> <span class='ocrx_word' id='word_1_155' title='bbox 580 2639 631 2702; x_wconf 86' lang='lat' dir='ltr'>val</span> <span class='ocrx_word' id='word_1_156' title='bbox 661 2639 920 2723; x_wconf 81' lang='lat' dir='ltr'>interpungendo</span> <span class='ocrx_word' id='word_1_157' title='bbox 949 2638 1148 2719; x_wconf 78' lang='lat' dir='ltr'>distinxeris,</span> <span class='ocrx_word' id='word_1_158' title='bbox 1184 2639 1240 2700; x_wconf 89' lang='lat' dir='ltr'>aut</span> 
     </span>
     <span class='ocr_line' id='line_1_23' title="bbox 91 2743 1238 2829; baseline -0.003 -20"><span class='ocrx_word' id='word_1_159' title='bbox 91 2768 174 2809; x_wconf 85' lang='lat' dir='ltr'>sana</span> <span class='ocrx_word' id='word_1_160' title='bbox 204 2765 389 2808; x_wconf 83' lang='lat' dir='ltr'>sermonum</span> <span class='ocrx_word' id='word_1_161' title='bbox 417 2744 617 2810; x_wconf 84' lang='lat' dir='ltr'>concinnitas</span> <span class='ocrx_word' id='word_1_162' title='bbox 647 2745 883 2809; x_wconf 87' lang='lat' dir='ltr'>desiderabitur</span> <span class='ocrx_word' id='word_1_163' title='bbox 911 2752 968 2810; x_wconf 89' lang='lat' dir='ltr'>aut</span> <span class='ocrx_word' id='word_1_164' title='bbox 995 2744 1183 2829; x_wconf 85' lang='lat' dir='ltr'>peccabitur</span> <span class='ocrx_word' id='word_1_165' title='bbox 1205 2743 1238 2806; x_wconf 90' lang='lat' dir='ltr'>in</span> 
     </span>
     <span class='ocr_line' id='line_1_24' title="bbox 92 2850 1238 2935; baseline -0.002 -21"><span class='ocrx_word' id='word_1_166' title='bbox 92 2851 247 2935; x_wconf 87' lang='lat' dir='ltr'>loquendi</span> <span class='ocrx_word' id='word_1_167' title='bbox 277 2850 545 2917; x_wconf 87' lang='lat' dir='ltr'>consuetudinem</span> <span class='ocrx_word' id='word_1_168' title='bbox 575 2853 770 2918; x_wconf 89' lang='lat' dir='ltr'>Plautinam.</span> <span class='ocrx_word' id='word_1_169' title='bbox 817 2853 940 2918; x_wconf 73' lang='lat' dir='ltr'>Contra</span> <span class='ocrx_word' id='word_1_170' title='bbox 964 2875 1044 2917; x_wconf 91' lang='lat' dir='ltr'>sana</span> <span class='ocrx_word' id='word_1_171' title='bbox 1068 2855 1163 2934; x_wconf 87' lang='lat' dir='ltr'>atquc</span> <span class='ocrx_word' id='word_1_172' title='bbox 1187 2873 1238 2912; x_wconf 84' lang='lat' dir='ltr'>ex-</span> 
     </span>
     <span class='ocr_line' id='line_1_25' title="bbox 93 2957 1240 3054; baseline -0.003 -32"><span class='ocrx_word' id='word_1_173' title='bbox 93 2959 204 3041; x_wconf 86' lang='lat' dir='ltr'>pedita</span> <span class='ocrx_word' id='word_1_174' title='bbox 230 2980 301 3023; x_wconf 87' lang='lat' dir='ltr'>esso</span> <span class='ocrx_word' id='word_1_175' title='bbox 337 2960 447 3023; x_wconf 90' lang='lat' dir='ltr'>omnia</span> <span class='ocrx_word' id='word_1_176' title='bbox 474 2960 629 3054; x_wconf 81' lang='lat' dir='ltr'>senseris,</span> <span class='ocrx_word' id='word_1_177' title='bbox 660 2962 754 3025; x_wconf 90' lang='lat' dir='ltr'>simul</span> <span class='ocrx_word' id='word_1_178' title='bbox 788 2965 884 3044; x_wconf 89' lang='lat' dir='ltr'>atquc</span> <span class='ocrx_word' id='word_1_179' title='bbox 914 2962 992 3024; x_wconf 89' lang='lat' dir='ltr'>duco</span> <span class='ocrx_word' id='word_1_180' title='bbox 1023 2957 1240 3023; x_wconf 84' lang='lat' dir='ltr'>Ambrosiano</span> 
     </span>
     <span class='ocr_line' id='line_1_26' title="bbox 95 3066 923 3152; baseline 0.004 -24"><span class='ocrx_word' id='word_1_181' title='bbox 95 3066 193 3148; x_wconf 90' lang='lat' dir='ltr'>libro,</span> <span class='ocrx_word' id='word_1_182' title='bbox 215 3066 249 3129; x_wconf 91' lang='lat' dir='ltr'>in</span> <span class='ocrx_word' id='word_1_183' title='bbox 273 3088 337 3149; x_wconf 92' lang='lat' dir='ltr'>quo</span> <span class='ocrx_word' id='word_1_184' title='bbox 360 3066 449 3129; x_wconf 87' lang='lat' dir='ltr'>illius</span> <span class='ocrx_word' id='word_1_185' title='bbox 473 3088 584 3130; x_wconf 89' lang='lat' dir='ltr'>versus</span> <span class='ocrx_word' id='word_1_186' title='bbox 610 3068 690 3132; x_wconf 90' lang='lat' dir='ltr'>hacc</span> <span class='ocrx_word' id='word_1_187' title='bbox 715 3070 837 3152; x_wconf 87' lang='lat' dir='ltr'>species</span> <span class='ocrx_word' id='word_1_188' title='bbox 862 3072 923 3132; x_wconf 88' lang='lat' dir='ltr'>est:</span> 
     </span>
    </p>

    <p class='ocr_par' dir='ltr' id='par_1_6' title="bbox 101 3190 1152 3366">
     <span class='ocr_line' id='line_1_27' title="bbox 180 3190 1152 3240; baseline -0.002 -4"><span class='ocrx_word' id='word_1_189' title='bbox 180 3190 802 3240; x_wconf 73' lang='lat' dir='ltr'>UrorsrrnnrRusrsonorusr‘rururnun</span> <span class='ocrx_word' id='word_1_190' title='bbox 849 3193 919 3240; x_wconf 79' lang='lat' dir='ltr'>nou</span> <span class='ocrx_word' id='word_1_191' title='bbox 967 3190 1152 3239; x_wconf 76' lang='lat' dir='ltr'>ronaunsr</span> 
     </span>
     <span class='ocr_line' id='line_1_28' title="bbox 101 3279 844 3366; baseline 0.007 -24"><span class='ocrx_word' id='word_1_192' title='bbox 101 3279 144 3342; x_wconf 87' lang='lat' dir='ltr'>sic</span> <span class='ocrx_word' id='word_1_193' title='bbox 166 3280 418 3364; x_wconf 87' lang='lat' dir='ltr'>colloquentium</span> <span class='ocrx_word' id='word_1_194' title='bbox 442 3302 606 3345; x_wconf 85' lang='lat' dir='ltr'>sermones</span> <span class='ocrx_word' id='word_1_195' title='bbox 631 3281 844 3366; x_wconf 87' lang='lat' dir='ltr'>dispertieris:</span> 
     </span>
    </p>

    <p class='ocr_par' dir='ltr' id='par_1_7' title="bbox 185 3384 1238 3473">
     <span class='ocr_line' id='line_1_29' title="bbox 185 3384 1238 3473; baseline -0.004 -23"><span class='ocrx_word' id='word_1_196' title='bbox 185 3385 281 3451; x_wconf 71' lang='lat' dir='ltr'>Pura.</span> <span class='ocrx_word' id='word_1_197' title='bbox 306 3385 448 3451; x_wconf 89' lang='lat' dir='ltr'>Vidistin</span> <span class='ocrx_word' id='word_1_198' title='bbox 482 3387 587 3452; x_wconf 89' lang='lat' dir='ltr'>uirum</span> <span class='ocrx_word' id='word_1_199' title='bbox 621 3390 740 3453; x_wconf 90' lang='lat' dir='ltr'>sororis</span> <span class='ocrx_word' id='word_1_200' title='bbox 774 3390 1001 3473; x_wconf 81' lang='lat' dir='ltr'>Pamphilum?</span> <span class='ocrx_word' id='word_1_201' title='bbox 1048 3388 1121 3450; x_wconf 79' lang='lat' dir='ltr'>Pin.</span> <span class='ocrx_word' id='word_1_202' title='bbox 1154 3384 1238 3448; x_wconf 89' lang='lat' dir='ltr'>Non.</span> 
     </span>
    </p>

    <p class='ocr_par' dir='ltr' id='par_1_8' title="bbox 906 3490 1239 3578">
     <span class='ocr_line' id='line_1_30' title="bbox 906 3490 1239 3578; baseline -0.024 -18"><span class='ocrx_word' id='word_1_203' title='bbox 906 3497 1004 3560; x_wconf 79' lang='lat' dir='ltr'>Pura.</span> <span class='ocrx_word' id='word_1_204' title='bbox 1028 3494 1102 3558; x_wconf 92' lang='lat' dir='ltr'>Non</span> <span class='ocrx_word' id='word_1_205' title='bbox 1126 3490 1239 3578; x_wconf 75' lang='lat' dir='ltr'>adest?</span> 
     </span>
    </p>

    <p class='ocr_par' dir='ltr' id='par_1_9' title="bbox 185 3599 530 3682">
     <span class='ocr_line' id='line_1_31' title="bbox 185 3599 530 3682; baseline 0 -18"><span class='ocrx_word' id='word_1_206' title='bbox 185 3599 257 3664; x_wconf 83' lang='lat' dir='ltr'>Pru.</span> <span class='ocrx_word' id='word_1_207' title='bbox 280 3599 386 3664; x_wconf 90' lang='lat' dir='ltr'>Immo</span> <span class='ocrx_word' id='word_1_208' title='bbox 409 3622 433 3665; x_wconf 89' lang='lat' dir='ltr'>c.</span> <span class='ocrx_word' id='word_1_209' title='bbox 454 3623 482 3682; x_wconf 76' lang='lat' dir='ltr'>q.</span> <span class='ocrx_word' id='word_1_210' title='bbox 505 3622 530 3666; x_wconf 89' lang='lat' dir='ltr'>s.</span> 
     </span>
    </p>

    <p class='ocr_par' dir='ltr' id='par_1_10' title="bbox 111 3702 1240 4220">
     <span class='ocr_line' id='line_1_32' title="bbox 111 3702 1240 3793; baseline -0.003 -25"><span class='ocrx_word' id='word_1_211' title='bbox 111 3702 174 3770; x_wconf 88' lang='lat' dir='ltr'>Non</span> <span class='ocrx_word' id='word_1_212' title='bbox 200 3730 251 3772; x_wconf 91' lang='lat' dir='ltr'>me</span> <span class='ocrx_word' id='word_1_213' title='bbox 279 3708 426 3792; x_wconf 82' lang='lat' dir='ltr'>fugiebat</span> <span class='ocrx_word' id='word_1_214' title='bbox 454 3708 617 3792; x_wconf 90' lang='lat' dir='ltr'>aliquanto</span> <span class='ocrx_word' id='word_1_215' title='bbox 646 3709 808 3774; x_wconf 84' lang='lat' dir='ltr'>difficilius</span> <span class='ocrx_word' id='word_1_216' title='bbox 832 3733 849 3773; x_wconf 89' lang='lat' dir='ltr'>e</span> <span class='ocrx_word' id='word_1_217' title='bbox 873 3708 1005 3793; x_wconf 87' lang='lat' dir='ltr'>reliquis</span> <span class='ocrx_word' id='word_1_218' title='bbox 1029 3705 1169 3789; x_wconf 89' lang='lat' dir='ltr'>quinquo</span> <span class='ocrx_word' id='word_1_219' title='bbox 1193 3704 1240 3767; x_wconf 85' lang='lat' dir='ltr'>fa-</span> 
     </span>
     <span class='ocr_line' id='line_1_33' title="bbox 114 3811 1240 3899; baseline -0.001 -26"><span class='ocrx_word' id='word_1_220' title='bbox 114 3811 194 3878; x_wconf 87' lang='lat' dir='ltr'>bulae</span> <span class='ocrx_word' id='word_1_221' title='bbox 216 3815 295 3880; x_wconf 89' lang='lat' dir='ltr'>locis</span> <span class='ocrx_word' id='word_1_222' title='bbox 319 3814 497 3878; x_wconf 86' lang='lat' dir='ltr'>insiticium</span> <span class='ocrx_word' id='word_1_223' title='bbox 522 3837 640 3879; x_wconf 87' lang='lat' dir='ltr'>nomen</span> <span class='ocrx_word' id='word_1_224' title='bbox 663 3817 793 3899; x_wconf 86' lang='lat' dir='ltr'>expelli:</span> <span class='ocrx_word' id='word_1_225' title='bbox 818 3815 872 3879; x_wconf 87' lang='lat' dir='ltr'>sed</span> <span class='ocrx_word' id='word_1_226' title='bbox 898 3819 932 3878; x_wconf 87' lang='lat' dir='ltr'>ut</span> <span class='ocrx_word' id='word_1_227' title='bbox 951 3819 1059 3878; x_wconf 90' lang='lat' dir='ltr'>tamen</span> <span class='ocrx_word' id='word_1_228' title='bbox 1084 3811 1240 3875; x_wconf 89' lang='lat' dir='ltr'>intentius</span> 
     </span>
     <span class='ocr_line' id='line_1_34' title="bbox 116 3916 1240 4007; baseline 0.001 -28"><span class='ocrx_word' id='word_1_229' title='bbox 116 3916 365 4005; x_wconf 87' lang='lat' dir='ltr'>circumspicienti</span> <span class='ocrx_word' id='word_1_230' title='bbox 389 3921 650 4006; x_wconf 86' lang='lat' dir='ltr'>interpolationis</span> <span class='ocrx_word' id='word_1_231' title='bbox 671 3923 723 3986; x_wconf 86' lang='lat' dir='ltr'>vix</span> <span class='ocrx_word' id='word_1_232' title='bbox 749 3923 903 4007; x_wconf 83' lang='lat' dir='ltr'>ambigua</span> <span class='ocrx_word' id='word_1_233' title='bbox 923 3921 1061 4003; x_wconf 83' lang='lat' dir='ltr'>vestigia</span> <span class='ocrx_word' id='word_1_234' title='bbox 1084 3916 1240 4002; x_wconf 89' lang='lat' dir='ltr'>quaedam</span> 
     </span>
     <span class='ocr_line' id='line_1_35' title="bbox 116 4023 1240 4113; baseline 0.002 -28"><span class='ocrx_word' id='word_1_235' title='bbox 116 4023 192 4091; x_wconf 81' lang='lat' dir='ltr'>facile</span> <span class='ocrx_word' id='word_1_236' title='bbox 214 4036 417 4113; x_wconf 76' lang='lat' dir='ltr'>apparerent</span> <span class='ocrx_word' id='word_1_237' title='bbox 459 4029 508 4092; x_wconf 87' lang='lat' dir='ltr'>Ac</span> <span class='ocrx_word' id='word_1_238' title='bbox 531 4029 671 4111; x_wconf 91' lang='lat' dir='ltr'>primum</span> <span class='ocrx_word' id='word_1_239' title='bbox 691 4030 834 4092; x_wconf 87' lang='lat' dir='ltr'>animum</span> <span class='ocrx_word' id='word_1_240' title='bbox 855 4027 1066 4092; x_wconf 86' lang='lat' dir='ltr'>advertebant</span> <span class='ocrx_word' id='word_1_241' title='bbox 1090 4046 1240 4090; x_wconf 87' lang='lat' dir='ltr'>versuum</span> 
     </span>
     <span class='ocr_line' id='line_1_36' title="bbox 120 4129 468 4220; baseline 0.003 -23"><span class='ocrx_word' id='word_1_242' title='bbox 120 4129 168 4197; x_wconf 72' lang='lat'>506</span> <span class='ocrx_word' id='word_1_243' title='bbox 188 4158 231 4220; x_wconf 89' lang='lat' dir='ltr'>sq.</span> <span class='ocrx_word' id='word_1_244' title='bbox 254 4137 316 4200; x_wconf 90' lang='lat' dir='ltr'>hae</span> <span class='ocrx_word' id='word_1_245' title='bbox 340 4135 468 4199; x_wconf 90' lang='lat' dir='ltr'>turbae:</span> 
     </span>
    </p>

    <p class='ocr_par' dir='ltr' id='par_1_11' title="bbox 189 4240 1240 4327">
     <span class='ocr_line' id='line_1_37' title="bbox 189 4240 1240 4327; baseline -0.002 -22"><span class='ocrx_word' id='word_1_246' title='bbox 189 4240 233 4305; x_wconf 84' lang='lat' dir='ltr'>Vt</span> <span class='ocrx_word' id='word_1_247' title='bbox 255 4243 334 4307; x_wconf 90' lang='lat' dir='ltr'>mihi</span> <span class='ocrx_word' id='word_1_248' title='bbox 363 4244 460 4326; x_wconf 93' lang='lat' dir='ltr'>uolup</span> <span class='ocrx_word' id='word_1_249' title='bbox 485 4246 548 4325; x_wconf 85' lang='lat' dir='ltr'>est,</span> <span class='ocrx_word' id='word_1_250' title='bbox 576 4242 816 4326; x_wconf 84' lang='lat' dir='ltr'>Pamphilippe,</span> <span class='ocrx_word' id='word_1_251' title='bbox 846 4242 921 4327; x_wconf 86' lang='lat' dir='ltr'>quia</span> <span class='ocrx_word' id='word_1_252' title='bbox 949 4263 1007 4307; x_wconf 90' lang='lat' dir='ltr'>uos</span> <span class='ocrx_word' id='word_1_253' title='bbox 1036 4242 1071 4305; x_wconf 89' lang='lat' dir='ltr'>in</span> <span class='ocrx_word' id='word_1_254' title='bbox 1100 4241 1240 4324; x_wconf 87' lang='lat' dir='ltr'>patriam</span> 
     </span>
    </p>

    <p class='ocr_par' dir='ltr' id='par_1_12' title="bbox 1020 4350 1152 4414">
     <span class='ocr_line' id='line_1_38' title="bbox 1020 4350 1152 4414; baseline -0.015 -1"><span class='ocrx_word' id='word_1_255' title='bbox 1020 4350 1152 4414; x_wconf 90' lang='lat' dir='ltr'>domum</span> 
     </span>
    </p>
   </div>
   <div class='ocr_carea' id='block_1_3' title="bbox 193 4452 1241 4541">
    <p class='ocr_par' dir='ltr' id='par_1_13' title="bbox 193 4452 1241 4541">
     <span class='ocr_line' id='line_1_39' title="bbox 193 4452 1241 4541; baseline -0.004 -22"><span class='ocrx_word' id='word_1_256' title='bbox 193 4452 321 4520; x_wconf 85' lang='lat' dir='ltr'>Redisse</span> <span class='ocrx_word' id='word_1_257' title='bbox 345 4456 439 4521; x_wconf 90' lang='lat' dir='ltr'>uideo</span> <span class='ocrx_word' id='word_1_258' title='bbox 460 4456 541 4520; x_wconf 91' lang='lat' dir='ltr'>bene</span> <span class='ocrx_word' id='word_1_259' title='bbox 566 4462 656 4541; x_wconf 81' lang='lat' dir='ltr'>gesta</span> <span class='ocrx_word' id='word_1_260' title='bbox 680 4481 712 4521; x_wconf 87' lang='lat' dir='ltr'>ro</span> <span class='ocrx_word' id='word_1_261' title='bbox 733 4458 860 4541; x_wconf 89' lang='lat' dir='ltr'>ambos,</span> <span class='ocrx_word' id='word_1_262' title='bbox 884 4461 915 4521; x_wconf 88' lang='lat' dir='ltr'>te</span> <span class='ocrx_word' id='word_1_263' title='bbox 936 4464 968 4522; x_wconf 92' lang='lat' dir='ltr'>et</span> <span class='ocrx_word' id='word_1_264' title='bbox 988 4458 1120 4521; x_wconf 84' lang='lat' dir='ltr'>fratrem</span> <span class='ocrx_word' id='word_1_265' title='bbox 1139 4461 1241 4519; x_wconf 92' lang='lat' dir='ltr'>tuum.</span> 
     </span>
    </p>
   </div>
   <div class='ocr_carea' id='block_1_4' title="bbox 0 0 1472 5048">
    <p class='ocr_par' dir='ltr' id='par_1_14' title="bbox 0 0 1472 5048">
     <span class='ocr_line' id='line_1_40' title="bbox 0 0 1472 5048; baseline 0 0"><span class='ocrx_word' id='word_1_266' title='bbox 0 0 1472 5048; x_wconf 95' lang='lat' dir='ltr'> </span> 
     </span>
    </p>
   </div>
  </div>
 </body>
</html>
