2932 5452
60 700 90 755 11
111 707 135 770 r,
151 706 237 756 a-ro
495 698 758 755 mvcmsuuvs
1158 699 1201 765 89

154 861 219 942 Qus
239 865 327 931 bona
349 887 407 949 pro
432 866 572 930 ste‘rcore
595 864 707 948 habet,
730 864 817 929 foras
837 863 928 929 iubet
951 863 1073 950 degeri3
1192 883 1205 925 s

151 970 269 1037 Me‘tuit
291 967 505 1055 puluisculos:
530 975 611 1042 unus
634 967 900 1036 mundissumust.

60 1078 166 1145 Pdras
189 1079 253 1144 sibi
277 1100 346 1144 esse
370 1078 440 1142 udlt
463 1100 538 1143 suas
564 1077 671 1142 aedis:
704 1077 790 1142 ddmi
815 1077 969 1163 quidquid
992 1078 1094 1144 habet
1116 1076 1204 1142 uehi·

861 1190 916 1250 tur
939 1185 1010 1250 ἔξω.

61 1293 198 1373 Quando
227 1293 376 1380 equidem
404 1292 495 1377 ipsus
523 1291 685 1377 perditum
714 1312 749 1357 se
778 1291 822 1375 it,
854 1293 977 1357 secreto
1008 1292 1117 1358 hercle
1145 1311 1205 1376 ego

862 1399 953 1464 illum
973 1400 1125 1465 ddiutabo

60 1507 176 1595 Neque
198 1529 270 1575 mea
294 1507 423 1595 quidem
447 1506 547 1593 opera
564 1517 702 1591 propere
721 1527 862 1590 unquam
885 1504 954 1572 hsso
978 1507 1085 1571 minus
1110 1528 1206 1592 quam

91 1679 101 1691 ,
861 1615 937 1699 p6te
962 1614 1091 1698 peribit.
1154 1630 1207 1680 560

60 1716 149 1785 Nem
172 1721 325 1789 damnum
348 1722 409 1787 hoc
433 1722 547 1787 obsoni
570 1719 608 1784 de
633 1719 721 1785 mina
744 1725 808 1785 rina
832 1717 975 1787 deminui
996 1721 1106 1786 modo:
1180 1744 1206 1783 10

61 1941 106 1996 fae
124 1941 242 2012 inproba
267 1944 342 1997 tacta
360 1942 395 1997 B.
424 1938 494 1994 facit
517 1938 638 2009 inproba
662 1936 800 2008 (improba
823 1941 890 2008 ΕΖ)
914 1941 990 1995 facta
1009 1941 1105 1995 DLZ.
1139 1942 1209 1997 facit

61 2039 125 2076 cum
145 2022 246 2091 probro
266 2023 342 2078 tacta
360 2021 521 2091 Spcnpeiius
539 2020 570 2072 in
590 2019 682 2072 adnot.
710 2017 803 2086 (Domi
822 2024 887 2075 sunt
905 2037 978 2090 quae
997 2019 1073 2074 facta
1090 2021 1207 2091 inprobe

59 2101 131 2156 iacit
149 2104 266 2171 recepit).
297 2103 386 2158 factat
403 2100 522 2170 inproba
540 2098 616 2151 raca
635 2097 783 2166 Septimius
801 2100 832 2154 in
853 2100 955 2156 Philet.
975 2106 993 2154 t.
1016 2101 1150 2154 XXVII
1168 2106 1183 2168 (
1199 2145 1206 2157 .

59 2184 150 2247 1868)
163 2198 193 2249 p.
208 2185 264 2236 462
279 2182 317 2235 ad
329 2181 443 2249 speciem
460 2194 587 2232 vermium
609 2192 675 2245 areos
693 2193 780 2245 snpra
804 2184 902 2236 statuit
921 2181 1140 2247 Stadcmaruias,
1159 2183 1208 2251 qui

59 2260 110 2315 boe
128 2261 185 2315 loeo
204 2278 264 2316 cam
282 2261 383 2315 Botbio
401 2260 472 2314 duas
491 2259 589 2326 tripcd.
605 2260 686 2312 iamt.
710 2262 791 2315 catal.
811 2263 841 2316 in
860 2265 922 2330 ipsa
941 2263 1117 2317 commissura
1128 2263 1208 2322 posis

59 2339 181 2410 inproba
211 2341 318 2394 dirimit
344 2342 361 2394 l.
380 2357 401 2394 s.
424 2355 445 2393 s.
473 2358 503 2407 p.
527 2343 589 2392 536.
624 2340 698 2392 rabit
725 2348 835 2409 eperunt
858 2343 1022 2411 Geppcrtns,
1048 2343 1208 2397 Bocckctins

59 2420 78 2473 i.
96 2435 117 2473 s.
137 2436 158 2473 s.
175 2437 204 2488 p.
224 2424 276 2483 24,
301 2421 448 2489 Maeblpas
467 2420 484 2472 l.
503 2435 524 2473 s.
543 2435 563 2471 s.
582 2435 610 2485 p.
629 2423 687 2472 221
761 2424 870 2477 amator
889 2440 950 2477 cam
968 2428 1039 2490 spat.
1060 2423 1083 2475 0
1144 2429 1206 2478 bbb.

60 2496 114 2562 Qui
125 2498 161 2552 B.
180 2499 228 2566 qui
239 2498 294 2553 01)
347 2500 422 2554 bona
433 2499 550 2551 Baebius
565 2514 625 2550 cane
645 2499 716 2554 aliis.
742 2501 815 2557 bona
829 2502 1004 2571 (quibonaC)
1019 2518 1070 2556 sua
1088 2503 1154 2556 iibri

59 2577 157 2648 degeri
179 2575 211 2632 ss
231 2581 332 2634 cott.u.
352 2580 459 2633 113111.
483 2577 536 2632 feri
556 2576 625 2632 BD.
659 2578 718 2632 fieri
744 2579 771 2636 0.
802 2581 867 2636 ferri
886 2583 947 2637 ΕΖ.
977 2582 1051 2636 uerri
1075 2582 1204 2653 Grcpetus.

59 2656 146 2711 eiciet
164 2657 312 2727 Seyffertas
335 2660 366 2712 in
387 2659 488 2713 Piriiot.
512 2663 531 2709 t.
552 2656 667 2709 XXIX
688 2664 726 2721 (a.
745 2665 832 2728 1870)
854 2681 880 2731 p.
901 2667 954 2716 413
1026 2667 1085 2714 abi.
1106 2660 1208 2715 Metuit

58 2736 232 2806 puluisculos
256 2736 287 2792 ss
311 2740 370 2792 coit.
389 2756 413 2792 a.
435 2744 479 2792 19.
502 2736 576 2790 liud.
596 2752 619 2789 u.
640 2741 703 2792 845.
721 2741 820 2808 srapm.
845 2743 921 2812 aprici
946 2743 1064 2796 Gelliam
1080 2741 1208 2806 XVIII,

57 2822 111 2882 12,
134 2820 158 2870 4.
191 2818 293 2872 metuit
318 2818 446 2887 publicos
469 2818 535 2870 libri
562 2816 736 2884 (publicanos
760 2820 923 2874 Saracenas.
956 2819 1093 2889 publicios
1124 2820 1206 2872 Lam-

58 2897 161 2964 binus).
190 2897 279 2950 Mittit
296 2897 325 2950 in
344 2897 484 2966 publicum
512 2896 679 2964 Spcrrpelius.
715 2899 891 2954 incredibilia
914 2902 1104 2971 excopiturunt
1135 2899 1204 2968 Gep-

53 2982 166 3045 pertas,
185 2976 333 3046 Seyffertas
352 2980 368 3031 i.
388 2995 408 3031 s.
427 2994 464 3044 a,
483 2978 610 3045 Bappias
629 2978 660 3028 in
679 2976 811 3033 Fleckeis.
832 2999 897 3035 ann.
916 2987 935 3035 t,
956 2980 1050 3035 CVII
1066 2985 1206 3046 ru.1873)

54 3074 84 3125 p.
105 3061 161 3112 412
230 3075 300 3112 unus
324 3057 543 3112 mundissumust
561 3054 600 3109 Q.
633 3057 818 3114 mundissimi
838 3060 875 3115 sit
893 3061 956 3115 BC.
988 3059 1204 3114 mundissimum

57 3135 96 3189 sit
118 3136 156 3190 D.
189 3138 403 3192 mundissimust
421 3138 452 3194 Z.
485 3135 674 3190 mundissimis
702 3140 744 3190 est
763 3139 797 3191 L.
831 3140 1043 3194 mundissimum
1067 3141 1099 3193 fit
1124 3141 1208 3194 Lam·
1305 3194 1308 3201 ,

56 3217 149 3271 meras.
178 3217 234 3271 iam
252 3218 326 3272 intus
345 3218 592 3272 mundissumumst
611 3215 780 3284 Spercpciias,
800 3221 852 3274 atii
871 3221 930 3274 alia
984 3225 1043 3274 558.
1065 3220 1152 3275 Putas
1172 3220 1207 3275 B.

56 3313 145 3365 purae
165 3296 220 3351 01)
341 3299 436 3353 sibie'o·
458 3299 487 3353 0.
516 3313 576 3351 esse
601 3294 655 3348 sibi
675 3296 792 3351 Botbias
906 3299 967 3353 uolt
986 3316 1050 3353 suas
1069 3299 1147 3354 aedis
1167 3298 1206 3354 ib.

56 3375 151 3429 uoitas
170 3376 213 3429 dis
233 3377 267 3430 B.
296 3379 358 3433 uolt
376 3396 406 3431 as
425 3376 475 3430 Dis
496 3375 557 3431 01).
587 3374 648 3429 uolt
667 3375 744 3428 aedis
764 3378 824 3431 ΕΖ
904 3378 1041 3448 quidquid
1060 3379 1094 3433 B.
1128 3380 1205 3449 quie·

56 3455 126 3524 quid
151 3458 232 3509 ceteri
255 3457 282 3524 (d
303 3459 413 3512 caint
436 3459 491 3512 oid.
511 3457 550 3524 D)
624 3458 737 3510 uehitur
755 3458 795 3514 S.
825 3459 942 3513 ncititur
965 3458 1054 3512 1301)
1078 3461 1208 3527 (nettitur

53 3536 123 3602 fort.
143 3534 189 3600 B).
218 3537 344 3604 perditur
367 3537 430 3592 LZ.
459 3536 578 3590 uertitur
598 3537 780 3595 Carnemrias.
810 3541 877 3594 eicit
901 3540 1028 3608 Bappins
1051 3541 1083 3592 in
1104 3541 1204 3596 I'biioi.

54 3620 75 3668 t.
97 3613 212 3668 XXXI
226 3620 264 3675 (a.
284 3623 373 3675 1872)
391 3636 417 3685 p.
438 3623 503 3672 260.
530 3633 568 3668 aa
587 3614 708 3670 nitidat?
816 3621 868 3671 ἔξω
889 3617 1070 3672 Camerarius.
1101 3636 1152 3674 exo
1170 3621 1207 3674 B.

54 3711 126 3749 exeo
147 3694 212 3748 01).
240 3714 274 3749 ex
293 3714 326 3751 eo
345 3698 405 3751 LZ
494 3701 553 3749 559.
575 3693 691 3758 iturindo
716 3696 846 3764 equidem
866 3695 898 3751 Ε
918 3699 976 3750 caii.
999 3699 1076 3753 Tria.
1099 3720 1122 3755 o.
1143 3707 1208 3758 352.

56 3774 177 3840 Quando
197 3778 321 3843 (quando
341 3776 407 3844 (ID)
426 3776 539 3844 quidem
559 3773 654 3841 (quiebi
671 3773 708 3833 Β)
728 3776 793 3829 libri
864 3776 1004 3843 perditum
1025 3795 1055 3831 se
1073 3779 1097 3831 it
1116 3785 1208 3835 Came·

53 3858 160 3910 rarius.
194 3854 604 3926 pdito(Perditu1nsirBD.
624 3851 786 3906 Peruirofit
804 3853 831 3908 0.
865 3853 1003 3922 perditust
1016 3855 1048 3909 Z.
1081 3859 1208 3924 perditus

53 3938 102 3991 est
118 3936 147 3989 L
218 3935 312 3991 hercle
336 3953 388 4005 ego
408 3935 566 4003 Sper-petius
590 3934 619 3984 ia
638 3934 729 3986 adriot.
759 3934 850 3987 hercle
875 3931 1005 4001 equidem
1039 3936 1151 4005 (equiria
1169 3938 1208 4003 Β)

52 4017 123 4071 iibri
196 4016 232 4070 ad
251 4016 348 4070 uitabo
368 4016 396 4071 0.
426 4015 525 4068 adiuta
545 4012 705 4081 Spcnpclias
723 4016 754 4066 in
774 4019 900 4067 comesta
988 4013 1045 4067 Pro
1064 4016 1209 4071 trochaicis

52 4111 124 4165 qaas
134 4095 253 4149 Bottiias
267 4098 378 4166 opnoeit
393 4095 581 4163 anapaesticus
594 4094 682 4146 suasit
697 4093 901 4147 Stademnadas
916 4094 932 4146 i.
947 4110 969 4148 s.
983 4110 1005 4145 s.
1020 4111 1050 4160 p.
1062 4099 1117 4148 536
1128 4101 1210 4165 atquc

48 4176 195 4245 persuasit
216 4176 349 4229 Mreettero
368 4177 385 4230 i.
406 4192 512 4241 sap.
534 4177 587 4226 132
660 4181 718 4228 560.
740 4175 810 4242 Neq;
829 4174 864 4226 B.
893 4189 959 4242 ueqe
982 4173 1011 4226 0.
1031 4176 1159 4242 nequeD

53 4255 152 4324 Opera
172 4255 228 4308 01)
299 4272 417 4324 propere
437 4256 545 4319 triticei,
566 4255 637 4321 arrad
656 4259 718 4308 ante
737 4271 820 4323 quum
840 4254 906 4307 iibri
925 4254 1049 4306 eriribcnt
1115 4258 1210 4323 sanquis

52 4335 81 4388 Β
103 4350 165 4387 carn
184 4335 249 4388 LI.
282 4336 386 4405 umquiu
406 4334 461 4388 OD
616 4333 673 4387 hilo
693 4334 784 4387 minus
802 4333 964 4387 Lambinus.
998 4332 1079 4385 nihili
1099 4335 1207 4399 omnib;

51 4412 176 4482 (omnib'
196 4415 224 4469 C.
254 4415 395 4479 omium
416 4414 513 4467 ΒΘΖ).
549 4412 810 4467 nihilominusLZ.
843 4414 934 4466 minus
950 4413 1101 4466 Itiaeiicras
1120 4415 1137 4466 1.
1151 4430 1172 4469 s.
1187 4430 1208 4467 s.

47 4499 164 4562 praeter
182 4496 242 4550 alia
260 4497 453 4565 improbabilia
525 4493 636 4562 qrrando
653 4495 678 4546 L
737 4497 832 4564 potest
853 4494 919 4546 iibri
991 4498 1050 4547 561.
1077 4493 1208 4549 damnum

52 4575 109 4628 hoc
130 4572 230 4628 obsoni
249 4573 289 4629 Ε.
318 4575 375 4629 iam
394 4575 428 4628 de
449 4575 501 4626 hoc
522 4573 636 4626 obsonio
656 4575 729 4627 iibri.
765 4574 799 4628 de
818 4575 871 4627 boc
891 4574 1027 4627 obsonato
1047 4573 1208 4643 chpertas.

53 4654 231 4709 etiamdum
255 4656 307 4708 hoc
328 4655 433 4708 absono
454 4654 607 4707 Maelieras
631 4655 647 4708 1.
668 4670 688 4707 s.
708 4671 729 4707 s.
748 4672 779 4722 p.
799 4658 853 4707 1113
962 4669 1018 4705 uua
1037 4669 1087 4707 cnr.
1108 4654 1209 4720 ΜΖ,

49 4738 116 4802 post
136 4732 252 4789 obsonio
272 4735 444 4802 transposuit
458 4732 671 4802 Kampmanrrus
687 4733 731 4786 ‘de
751 4744 790 4782 ur
803 4738 827 4787 et
843 4745 882 4783 ss
890 4749 1021 4803 praepos.
1035 4751 1088 4788 asa
1102 4732 1207 4788 Plant’

51 4814 106 4880 (ed.
126 4812 238 4867 Vratist.
258 4831 283 4866 a.
303 4818 389 4881 1850)
405 4831 433 4882 p.
450 4819 467 4867 3
486 4813 551 4866 adra.
629 4813 794 4868 Postmodo
812 4818 882 4868 recte
900 4815 1030 4869 distinxit
1049 4814 1211 4885 Spenpetius
