2932 5452
232 332 296 395 172
710 330 893 387 Aerenerx
1234 337 1383 388 sss-aso

230 510 361 548 nnnninn
375 498 446 559 (enm
456 495 502 562 B).
520 524 553 532 -
569 510 633 546 uam
649 509 693 546 me
707 494 843 547 retractas
856 493 978 549 Rsieins.
998 509 1079 548 mauu
1095 511 1140 549 me
1153 492 1276 548 retrahis
1292 493 1379 548 ‘certa

230 574 343 628 rnedeia'
370 575 574 629 Stuberanndne
601 575 634 627 de
656 580 728 628 eant.
747 590 778 642 p.
798 578 848 629 67:
877 575 911 640 ef.
935 574 1056 629 Brixiae
1080 572 1379 643 Anna.pnn.xo1

225 671 255 723 p.
267 659 313 710 72.
342 671 408 708 uam
426 670 498 706 nuno
518 669 563 707 me
581 654 701 707 retrahis
717 653 907 708 Fleckeisinns
922 660 1069 722 praeeunte
1087 669 1160 707 uuuo
1172 651 1298 708 retrahis
1312 653 1378 707 med

235 733 342 788 Gnieto.
385 749 450 786 uam
472 733 501 786 ui
526 748 570 786 me
596 732 715 787 retrahis
740 733 970 788 Muellerum.
1012 748 1075 787 uam
1098 749 1144 787 me
1166 749 1235 802 ergo
1257 733 1381 789 retrahis

229 812 391 882 Spanpeiins
411 812 497 879 ‘asp’
513 830 544 882 p.
563 818 624 867 413.
658 813 701 880 Of.
719 814 807 882 praef.
1263 882 1266 886 .

301 899 363 947 946.
393 893 431 946 At
458 893 507 961 pol
531 891 598 961 quin
622 893 719 947 audies
743 896 815 962 post.
850 894 944 961 iQuiu
969 893 1084 961 loquere
1103 893 1229 962 Pyladee
1267 892 1309 946 At
1331 893 1380 962 pol

230 973 297 1041 quin
316 971 376 1041 (qui
391 972 596 1027 Fleckeisenne:
613 974 648 1039 ei.
663 974 737 1027 nise.
752 975 812 1028 erit.
827 992 854 1043 p.
870 975 916 1043 31)
931 973 1034 1028 audies
1064 971 1160 1038 Μαίη
1178 973 1243 1041 post
1261 971 1379 1042 loquere

230 1052 370 1122 (eloquere
400 1053 606 1107 Fleckeisenne:
634 1059 664 1108 at
690 1055 725 1120 cs.
744 1054 810 1108 Ant.
831 1058 892 1109 777.
927 1054 993 1108 Mo.
1012 1055 1078 1121 353)
1101 1052 1249 1108 Acidaliae
1274 1069 1305 1121 p.
1324 1056 1380 1106 444

229 1132 292 1201 (Ροί
306 1131 373 1200 quin
389 1132 563 1200 Gronovius).
592 1131 664 1197 Quin
680 1133 730 1187 del.
745 1135 776 1187 at
788 1131 837 1203 pol
853 1133 976 1187 Gnietrn.
992 1164 1022 1173 -
1040 1131 1138 1187 audies
1151 1132 1223 1202 post
1240 1131 1381 1197 [Erratis

229 1212 343 1280 loquore
369 1214 411 1281 (l)
440 1213 600 1283 Spenpelins
624 1213 710 1279 ‘Rei’
736 1229 766 1281 p.
792 1217 853 1268 413.
903 1213 991 1267 Verba
1018 1215 1083 1283 post
1101 1255 1107 1267 .
1128 1255 1134 1267 .
1153 1254 1160 1267 .
1181 1253 1187 1266 .
1207 1209 1269 1265 Eho
1293 1212 1379 1267 modo

229 1295 400 1349 temerasset.
420 1293 573 1362 Vseinpine.
593 1323 627 1333 —
647 1293 716 1362 quid
735 1293 789 1346 ulis
803 1294 939 1349 Beckerns
960 1295 993 1347 in
1006 1293 1125 1348 seneen.
1140 1291 1220 1346 Stant
1235 1292 1257 1345 Ι
1267 1309 1300 1362 p.
1313 1296 1379 1348 185.

300 1379 360 1427 947.
384 1372 458 1440 Eho,
483 1372 580 1440 modo,
603 1373 686 1427 modo
710 1376 752 1427 est
774 1373 896 1441 pretium
920 1387 1023 1441 operae
1045 1373 1166 1428 Roiains.
1209 1368 1271 1425 Eho
1295 1370 1380 1425 ruodo

229 1470 330 1522 operae
354 1454 398 1506 ost
420 1451 539 1520 pretium
566 1454 601 1521 (et
623 1468 676 1521 ogo
700 1452 753 1506 tibi
776 1453 862 1521 quod)
880 1453 1006 1508 Botbins.
1043 1452 1104 1506 Eho
1122 1454 1168 1519 tri,
1192 1469 1296 1520 operas
1314 1469 1378 1521 pre-

231 1533 330 1586 tiunrst
348 1531 433 1587 modo
448 1531 642 1586 Fleckeisenne
660 1533 793 1601 (itemque,
811 1533 857 1586 sed
871 1532 931 1587 Eho
946 1533 991 1585 est
1003 1531 1170 1595 Bsnoietns).
1202 1528 1274 1597 Eho,
1293 1532 1379 1585 Modo

230 1614 309 1667 audi:
333 1613 378 1666 est
399 1628 501 1681 operae
526 1611 649 1681 pretium
668 1611 817 1681 Seyffertns
836 1612 937 1665 Panos
959 1611 1073 1665 XXIX
1091 1627 1119 1679 p.
1143 1615 1198 1666 395
1216 1612 1282 1666 adn.
1309 1617 1380 1666 recte

233 1709 344 1748 nonem
362 1694 423 1746 Eho
442 1699 492 1747 ant
509 1693 670 1760 imperativo
688 1699 738 1746 ant
755 1689 967 1762 interropatio'ni
985 1692 1116 1760 adiunpi,
1132 1691 1179 1746 sod
1196 1707 1304 1746 omar
1321 1708 1381 1745 non

228 1773 381 1840 expediens.
406 1802 439 1810 -
463 1770 517 1825 tibi
536 1786 648 1825 uerrere
668 1787 721 1839 ego
740 1771 805 1826 uolo
825 1773 949 1827 Gnietna
975 1801 1007 1810 -
1033 1770 1169 1839 Eloquere
1188 1771 1238 1825 dei
1259 1770 1379 1841 δραμε-

230 1855 293 1908 line.
330 1852 456 1919 Loquere
474 1867 525 1905 ser.
544 1851 669 1905 Botbins.

300 1936 359 1986 948.
384 1930 449 1985 uide
473 1948 507 1985 ue
530 1931 640 1998 uspiam
664 1931 731 1998 (soil.
752 1930 865 1998 aliquis)
884 1931 1010 1985 Botbins.
1047 1931 1111 1985 uide
1135 1931 1160 1985 si
1181 1931 1323 2001 quispiam
1343 1934 1379 1996 (rt

232 2011 304 2078 Quid
324 2012 367 2065 est
384 2009 441 2079 idi)
460 2010 626 2080 Spsnpeiine.
648 2041 681 2049 -
700 2028 750 2065 nos
768 2011 818 2065 dei.
838 2011 967 2082 Pyladea.
988 2040 1020 2056 -η
1040 2027 1126 2080 prope
1150 2010 1197 2065 hie
1215 2028 1282 2065 num
1301 2009 1377 2079 quis·

231 2092 306 2161 piam
327 2091 507 2159 consequitur
525 2092 645 2145 Raizins.

301 2177 361 2225 949.
380 2188 443 2225 mea
462 2175 505 2225 est
524 2171 599 2240 quod
618 2171 742 2227 Gnietne.
779 2171 853 2240 quod
876 2189 940 2226 mea
961 2170 991 2224 id
1010 2171 1130 2226 Reiains.
1167 2169 1242 2240 quod
1265 2169 1296 2225 id
1314 2189 1378 2226 mea

229 2251 428 2306 Fiacinioenns.

300 2338 360 2386 950.
385 2330 467 2400 (seire
490 2329 568 2398 lieet)
592 2332 623 2385 at
646 2329 756 2385 consilii
779 2330 886 2399 Ecquid
910 2331 980 2385 mihi
1003 2333 1032 2387 iu
1057 2333 1105 2387 ted
1129 2334 1173 2386 est
1198 2329 1323 2387 Gaietue.
1344 2361 1377 2370 -·

229 2412 283 2466 eho
301 2411 368 2479 quid
387 2412 529 2481 Anpeline.
550 2444 581 2452 —
602 2411 673 2465 nihil
692 2413 736 2466 est
751 2411 830 2465 Pina.
851 2441 882 2450 —
902 2409 971 2463 boni
988 2409 1097 2465 consilii
1117 2408 1300 2466 Oannarine.
1334 2411 1378 2466 De

231 2490 331 2547 consili
350 2488 486 2560 numquid
504 2493 606 2560 copitat
620 2492 781 2561 Spenpelins
803 2491 888 2556 ‘Rei’
905 2508 934 2560 p.
950 2495 1014 2556 123,
1032 2491 1079 2546 sed
1095 2490 1202 2545 hiatum
1217 2490 1375 2546 ‘traditam’

231 2575 259 2642 (a
278 2572 436 2626 Camerario
459 2573 570 2639 satiari)
594 2573 647 2638 def.
669 2578 730 2640 post
753 2572 946 2626 Hermannnm
969 2571 1016 2626 Ei.
1039 2571 1066 2624 d.
1084 2586 1119 2624 na
1141 2586 1170 2638 p.
1188 2574 1255 2638 207,
1276 2570 1376 2625 Stude-

207 2655 208 2658 ’
229 2654 362 2706 mnndnn
380 2654 413 2707 de
430 2658 501 2707 eant.
519 2669 548 2721 p.
570 2657 617 2719 11,
636 2653 720 2706 aiios.-
737 2653 786 2706 nbi
804 2651 852 2706 ssd
873 2649 964 2718 siquid
984 2650 1040 2719 ipsi
1057 2650 1206 2704 sententiae
1222 2650 1319 2705 ordiris
1337 2667 1377 2704 re·

227 2734 348 2800 spondet.

300 2818 360 2866 951.
385 2812 437 2866 die.
468 2815 542 2881 iege
567 2812 658 2866 dicam
685 2811 809 2866 Gnietns.
842 2811 910 2865 dice.
937 2817 951 2870 ii
964 2810 1056 2865 dicam
1076 2811 1189 2865 Reizine
1207 2811 1378 2879 improbante

232 2893 348 2948 Beckero
367 2894 398 2946 in
413 2894 531 2946 Stridon.
547 2894 626 2947 Sind.
645 2895 663 2946 Ι
674 2912 702 2962 p.
718 2898 772 2948 130
787 2892 831 2958 (cs.
843 2897 896 2944 131
911 2893 987 2959 adn.)
1002 2892 1193 2945 cretico-tracis.
1208 2897 1376 2959 opnosaean

303 2978 451 3026 952-955.
472 2973 539 3027 Seri.
560 2974 684 3028 Weisins.
703 3004 736 3012 -
757 2974 807 3026 das
822 2972 904 3026 modo
924 2975 952 3026 to
972 2970 1040 3024 urihi
1059 2988 1113 3024 nou
1133 2969 1192 3024 fors
1206 2970 1323 3025 Reisins
1343 2976 1378 3035 (et

234 3052 304 3105 fidus
328 3068 390 3105 eseo
415 3052 487 3120 tibi).
530 3053 612 3106 modo
637 3053 717 3107 dabis
741 3052 809 3106 mihi
834 3054 862 3105 ie
885 3069 941 3106 nou
967 3052 1088 3104 futurum
1116 3049 1233 3105 Gratata
1255 3053 1292 3117 (et
1311 3049 1377 3104 Tibi

230 3132 312 3185 fidem
332 3132 386 3200 do).
408 3163 438 3171 -
459 3131 556 3185 Eidem
576 3133 611 3186 do
632 3134 702 3186 fidus
720 3132 774 3186 tibi
793 3149 840 3185 ero
860 3131 986 3199 quisquis
1005 3132 1065 3197 (ani.
1085 3146 1128 3192 es,
1146 3131 1211 3184 olim
1229 3129 1272 3184 Do
1291 3131 1377 3184 fidem

230 3228 280 3266 on.
300 3211 364 3278 tibi)
384 3213 508 3267 Botirins.
539 3211 568 3265 Si
586 3214 669 3266 fidem
689 3213 770 3266 modo
785 3213 794 3279 ΙΙ
809 3212 864 3264 Das
884 3211 954 3264 mihi
972 3214 999 3264 te
1019 3226 1073 3263 uon
1091 3209 1151 3264 iore
1169 3209 1296 3262 infidum.
1311 3211 1321 3277 fl
1335 3208 1377 3263 Do

231 3290 312 3344 fidem
332 3290 384 3344 tibi
397 3294 407 3359 11
420 3291 505 3345 Fidus
525 3310 580 3359 oro,
600 3292 725 3362 quisquis
744 3309 781 3345 es.
808 3290 891 3345 iaudi
910 3291 1088 3344 lierraannns
1106 3288 1153 3342 Et.
1172 3290 1197 3342 ri.
1218 3306 1252 3342 m.
1270 3305 1300 3357 p.
1320 3293 1377 3344 221

230 3372 401 3439 improbante
424 3372 611 3426 Sindeninndo
634 3375 667 3426 de
690 3377 761 3426 cant.
784 3389 812 3440 p.
837 3376 870 3425 13
880 3388 917 3439 sq.
942 3376 978 3425 67
1001 3371 1213 3424 trochaico-aret.
1235 3370 1378 3435 nonan,

226 3451 361 3518 probante
380 3451 523 3520 Spcnpeiio
546 3451 633 3518 ‘Rei’
653 3469 680 3519 p.
696 3457 731 3506 45
741 3469 777 3520 sq.
798 3456 835 3506 73
853 3453 944 3520 (alitor
957 3452 1021 3504 oiim
1035 3451 1067 3504 de
1079 3468 1104 3505 v.
1119 3455 1181 3504 oret.
1196 3466 1227 3516 p.
1242 3451 1304 3516 28),
1322 3451 1379 3503 nisi

229 3531 302 3599 qnod
326 3536 466 3599 anapaeet.
490 3533 583 3598 nabet,
605 3548 672 3600 qnos
695 3534 767 3585 trin.
791 3536 854 3586 eret.
878 3531 958 3585 catal.
982 3530 1160 3583 Hermannns
1181 3531 1292 3596 fecerat.
1335 3529 1379 3583 De

230 3611 358 3665 Masilori
385 3628 513 3664 ersenenra
536 3612 613 3665 Pros.
634 3629 666 3680 p.
686 3616 736 3664 111
765 3612 799 3678 ef.
824 3611 960 3665 Lnebsins
982 3612 1013 3663 in
1036 3610 1155 3665 Sindon.
1180 3609 1261 3663 stud.
1283 3625 1315 3677 p.
1334 3612 1377 3662 44.

229 3692 306 3746 Idem
327 3691 406 3746 Peos.
421 3709 451 3760 p.
471 3695 525 3745 421
546 3691 681 3758 quisquis
699 3692 800 3745 suasit:
819 3697 849 3744 ot
867 3691 902 3755 es.
927 3689 1039 3743 Oisenns
1058 3690 1074 3742 l.
1094 3706 1115 3741 e.
1134 3704 1156 3742 a.
1171 3705 1202 3756 p.
1224 3691 1267 3743 35.

301 3777 414 3840 eosssqq.
436 3772 527 3825 Oeten.
547 3771 629 3824 troeb.
650 3772 756 3824 constit.
771 3770 949 3824 Hermonnns
968 3769 1001 3822 de
1013 3774 1087 3823 metr.
1101 3785 1130 3836 p.
1149 3773 1206 3823 129
1220 3769 1379 3837 obloquente

229 3849 371 3919 Spsnpalio
393 3850 478 3916 ‘Rei'
498 3867 525 3918 p.
546 3855 598 3904 164
607 3866 644 3918 eq.
678 3851 722 3914 (cs.
744 3850 775 3906 Τ.
796 3851 836 3903 Μ.
856 3850 889 3904 P.
906 3868 935 3918 p.
957 3853 1016 3917 73),
1036 3848 1118 3902 iamb.
1137 3853 1238 3916 septen.
1261 3848 1379 3904 Guneus

229 3931 315 3984 reialta
333 3938 450 3984 iventone.

301 4016 360 4063 960.
387 4009 460 4074 Quid
482 4011 513 4065 in
536 4028 560 4064 v.
580 4013 634 4063 959
657 4009 786 4063 reiciebat
804 4009 925 4064 Brixiae
948 4011 979 4063 do
997 4009 1042 4063 Pl.
1065 4013 1090 4064 et
1112 4008 1171 4062 Ter.
1186 4025 1263 4077 pros.
1280 4028 1312 4079 p.
1329 4014 1378 4065 22.

232 4086 322 4148 Quid?
352 4088 415 4142 indo
437 4132 441 4142 .
464 4133 469 4143 .
490 4133 495 4144 .
517 4133 522 4143 .
543 4090 612 4143 urihi
632 4089 799 4144 dimidium?
832 4090 896 4142 uolo
916 4089 1079 4143 Lambinus.
1112 4087 1185 4153 Quid
1204 4088 1270 4143 iude
1291 4131 1297 4141 .
1319 4132 1324 4143 .
1344 4131 1377 4143 ..

233 4167 319 4219 inihi?
357 4168 504 4223 dimidium
530 4169 593 4225 uolo
613 4172 754 4225 Gruterus.
794 4169 861 4224 Ornn
880 4170 1016 4224 Lambino
1039 4170 1172 4223 distinxit
1188 4169 1328 4225 Reaterus
1344 4172 1379 4224 rie

231 4262 322 4299 nonno
339 4265 391 4313 pro
410 4249 473 4301 inde
492 4252 633 4304 scribendo
652 4252 783 4319 copitans.
830 4249 921 4314 Quid?
954 4248 1019 4302 idne
1038 4247 1099 4302 dari
1118 4248 1156 4300 mi
1175 4265 1298 4318 aequom
1318 4252 1379 4304 est?

171 4360 177 4371 ·
230 4327 280 4380 dei.
301 4326 446 4379 dimidium
467 4330 582 4382 Botin'ns
601 4332 675 4397 (elin
694 4330 784 4392 Quid?
813 4329 841 4382 id
861 4346 979 4397 aequom
1000 4332 1042 4381 est
1060 4328 1119 4381 dari
1139 4328 1238 4396 mihis)
1259 4360 1293 4369 -
1314 4330 1379 4385 uolo

230 4406 307 4460 dicas
331 4408 381 4461 del.
405 4410 436 4459 ut
454 4409 581 4476 liciano,
605 4412 653 4464 nbi
677 4413 707 4463 tu
732 4416 838 4465 tantnrn
857 4427 913 4463 non
931 4410 1124 4463 necessarium:
1153 4409 1187 4474 es.
1208 4411 1246 4464 ad
1264 4427 1289 4466 o.
1309 4415 1378 4465 961.

232 4517 264 4527 -
285 4485 345 4540 dari
364 4486 432 4539 mihi
453 4488 516 4540 uolo
537 4487 626 4543 dieas:
647 4489 812 4544 dimidium?
852 4489 1033 4545 Franckenne
1048 4506 1079 4558 p.
1099 4492 1142 4544 57.
