2932 5452
76 781 279 848 ivam-21
578 781 730 837 2212222
1140 834 1144 841 .
1183 785 1224 848 15

75 919 128 1010 it
149 943 289 1030 quoique
309 915 436 1009 bomini
458 946 510 1010 res
532 949 687 1031 paratust,
709 946 843 1031 perinde
866 947 978 1012 amieis
1002 947 1118 1012 rititur:
1171 962 1224 1013 520

79 1049 122 1117 Si
141 1073 194 1116 res
216 1051 357 1136 firmant,
380 1048 467 1116 firmi
490 1052 586 1117 amici
610 1055 702 1117 sont:
725 1053 753 1118 si
775 1075 826 1117 res
849 1054 922 1118 laxb
943 1054 1047 1139 labat,

79 1144 197 1222 Itidem
221 1158 315 1225 smioi
338 1160 577 1225 obnlsbasount
614 1161 665 1236 ris
690 1159 812 1226 amieos
835 1158 970 1227 inuenit

572 1299 727 1354 Errououvs

80 1389 153 1454 Irim
175 1389 280 1454 redeo.
316 1389 449 1455 nimidst
471 1391 633 1475 uoluptas,
657 1389 688 1455 si
709 1390 763 1455 diu
787 1389 907 1457 afueris
932 1391 1042 1478 domo,

77 1495 222 1562 Domum
241 1497 297 1561 ubi
314 1496 456 1581 redieris,
479 1497 526 1562 soi
544 1497 605 1562 tibi
624 1497 715 1561 nulla
733 1498 900 1584 aegritudo
920 1499 1028 1564 animo
1048 1499 1221 1566 obuiamst.

77 1600 164 1667 Nam
182 1600 231 1666 ita
248 1623 300 1673 me
319 1603 454 1668 absente
472 1602 667 1700 iimiliarem
686 1625 755 1668 rem
773 1609 854 1669 rixor
872 1605 999 1671 curauit
1017 1628 1135 1672 meam:
1170 1623 1220 1672 522

81 1693 235 1775 Omnium
257 1731 309 1773 me
332 1710 447 1775 exilem
472 1711 568 1795 aitque
592 1710 721 1775 inanem
745 1711 823 1776 fe'oit
847 1713 1094 1797 aegritudinum.

83 2000 92 2027 e
117 2001 132 2054 t
152 1923 213 1975 520.
234 1919 378 2054 {ligurius
393 1938 421 1990 p.
436 1925 502 1987 211,
517 1926 548 1974 1.·
566 1922 707 1990 perinde
726 1939 777 1992 pro
795 1922 910 1992 proinde
929 1922 1048 1979 Plautus
1066 1923 1096 1978 iu
1115 1924 1226 1980 Sticho:

94 2019 114 2055 u
150 2043 200 2056 ...
219 2019 238 2054 2
261 2017 271 2053 ι
293 2018 330 2054 ur

78 2112 291 2123 *.-

151 2179 184 2237 V.
204 2185 269 2237 520.
288 2182 343 2234 521
363 2193 419 2233 uuo
437 2194 516 2234 versu
534 2178 690 2234 BODFZ
706 2182 755 2235 lroc
773 2183 1015 2250 comprebeuduui:

117 2261 155 2316 Ut
179 2259 279 2329 cuique
302 2256 410 2314 homini
429 2276 472 2313 res
492 2261 592 2328 parata
610 2262 653 2314 est
672 2259 743 2315 firmi
763 2260 847 2315 emioi
866 2265 930 2316 sunt
949 2262 972 2316 si
991 2279 1035 2316 res
1053 2261 1129 2317 lasea
1147 2263 1226 2318 labat

78 2342 135 2394 uisi
162 2341 235 2409 quod
257 2337 413 2394 lustrabat
435 2339 477 2405 B,
505 2339 578 2412 lasse
601 2339 701 2393 labant
724 2341 789 2407 ΟΖ,
817 2342 888 2395 larse
912 2341 1011 2396 labant
1029 2342 1094 2395 DF
1164 2349 1224 2400 520.

78 2431 896 2487 rrumomonrnrauspraurssrrrrmnmusurorsurmun
922 2423 949 2474 A
1049 2422 1087 2476 Ut
1108 2422 1226 2491 proinde

78 2498 185 2555 homini
213 2516 257 2552 res
284 2501 385 2567 parata
415 2501 459 2552 est
485 2498 601 2566 perinde
625 2498 723 2553 amicis
747 2501 835 2553 utitur
859 2502 1004 2555 Charisius
1109 2500 1226 2570 proinde

80 2581 231 2634 Muellerus
251 2579 329 2633 Pros.
351 2577 397 2633 Pl.
413 2596 443 2647 p.
459 2584 527 2645 246,
546 2578 747 2632 Fulrrmuuuus
766 2582 798 2633 cle
812 2587 887 2648 part.
908 2597 1024 2649 compar.
1041 2599 1070 2648 p.
1090 2586 1135 2647 32,
1154 2585 1226 2651 quod

83 2663 112 2714 iu
136 2660 319 2714 Ambrosiam
343 2660 406 2727 lepil
430 2658 583 2727 Gepperius
607 2659 685 2713 siud.
708 2658 751 2711 Pl.
771 2660 821 2712 ool.
841 2659 880 2711 II
891 2677 921 2728 p.
941 2664 978 2714 43
1000 2661 1099 2713 mirum
1121 2663 1225 2715 ruitum

77 2741 232 2810 prooudeus
249 2740 334 2792 lruuc:
353 2739 431 2807 proin
452 2738 536 2791 amici
556 2740 620 2792 sunt
634 2738 696 2791 usui
769 2745 828 2792 521.
849 2741 1225 2804 srreusrrnr1-··-···(aeti-

80 2823 136 2874 tem
151 2821 272 2888 spatium
289 2820 487 2887 euplelmruru
500 2819 630 2885 incertae)
645 2823 669 2871 et
684 2820 713 2870 lu
723 2819 776 2885 flue
787 2820 1226 2886 22121νὶ2222(1211212222222-

81 2914 139 2953 2222
159 2901 209 2964 itu,
227 2905 259 2952 ut
277 2900 348 2953 iuter
366 2912 385 2951 R
403 2899 474 2952 duas
492 2914 549 2951 uou
566 2898 710 2964 sufficiunt
728 2897 952 2964 miamicisuntsi,
970 2898 997 2951 A
1070 2899 1099 2951 Si
1118 2916 1161 2952 res
1180 2900 1224 2951 fir-

80 2982 165 3048 mant,
188 2976 261 3034 firmi
284 2978 368 3033 amici
392 2980 468 3032 sunt:
494 2979 516 3032 si
540 2996 584 3032 ree
603 2978 666 3032 laxe
685 2977 765 3031 labat
783 2978 947 3032 Rilsolrelius
970 2980 1033 3033 olim
1058 2980 1103 3045 (cf.
1126 2981 1223 3046 Opuso.

79 3061 143 3126 pbil.
167 3061 217 3114 eol.
237 3059 276 3111 II
292 3076 321 3127 p.
342 3060 414 3125 175).
454 3058 483 3111 Si
506 3074 550 3113 ros
575 3058 683 3112 firmast
705 3057 803 3111 itidem
828 3058 899 3111 firmi
924 3058 1008 3111 amici
1030 3061 1106 3111 sunt:
1134 3058 1158 3111 si
1181 3073 1224 3112 res

80 3139 156 3193 labat
178 3141 249 3193 idem
267 3140 353 3193 edidit
433 3143 493 3192 522.
517 3151 1225 3206 rrrnnnrnnroruounnnnscunpnusunroosruuu-

22 3239 25 3244 ·
81 3233 130 3271 rur
149 3219 177 3271 A
250 3218 444 3274 collebasount
463 3217 494 3271 F
568 3226 628 3273 523.
648 3231 1118 3285 runnnnronrnmsruopurrisu
1130 3246 1226 3258 ······

83 3297 194 3359 (bidiuu
216 3299 324 3352 uidetur
347 3316 403 3353 riou
425 3300 760 3366 srssficere)rrruursponso
788 3298 814 3349 A
915 3296 1002 3351 nimiu
1030 3296 1227 3365 estuoluptas

83 3376 115 3429 F.
153 3376 242 3430 nimia
265 3379 309 3432 est
330 3380 463 3449 uoluptas
488 3383 531 3432 est
553 3379 588 3431 B.
624 3378 713 3431 nimia
737 3380 780 3431 eet
802 3378 948 3447 uoluptast
968 3376 1030 3433 UD.
1068 3378 1155 3432 nimia
1179 3394 1226 3432 uo·

83 3456 187 3525 luptust
212 3458 238 3510 Z
317 3459 341 3512 si
369 3459 416 3512 diu
439 3458 540 3513 afueris
560 3458 739 3525 Iiitsobelius,
768 3458 943 3526 ‘quamquam
967 3474 1052 3525 quoru
1075 3457 1124 3510 diu
1150 3458 1224 3512 afue-

83 3535 116 3589 ris
138 3538 227 3605 mupis
247 3538 417 3604 plurilurum
444 3539 501 3591 sit'.
540 3538 563 3590 si
591 3538 657 3592 diua
685 3537 770 3592 fueris
789 3537 885 3592 Bul).
924 3536 947 3590 si
976 3537 1024 3591 diu
1050 3536 1171 3591 abfueris
1192 3537 1224 3591 Z.

83 3615 144 3670 ”diu
167 3615 361 3671 ''siabfuerie
384 3617 420 3670 F.
459 3618 497 3670 Iu
523 3618 550 3670 A
573 3618 640 3685 quid
668 3620 751 3672 lateat
775 3619 863 3671 nescio
971 3617 1055 3671 domo
1080 3617 1226 3670 Acidulius

84 3712 139 3750 cum
165 3700 198 3750 A.
237 3714 258 3754 a.
282 3696 365 3752 domo
394 3698 507 3763 (adorno
531 3698 630 3765 ΒΘΗ)
660 3697 725 3750 libri
751 3700 859 3763 praeter
877 3697 904 3748 A
1000 3697 1048 3749 diu
1071 3694 1094 3747 si
1119 3696 1226 3764 (quom)

84 3775 181 3830 afueris
205 3794 223 3829 2
244 3777 327 3831 domo
350 3778 501 3831 Muellerus
522 3778 599 3830 Pros.
622 3776 666 3829 Pl.
682 3793 712 3843 p.
733 3780 785 3828 384
894 3783 1227 3840 524.1›‹nrrnrmnnm-

134 3887 139 3896 -
152 3886 158 3898 ·
169 3885 176 3898 ·
188 3885 193 3896 ·
207 3886 212 3896 ·
224 3857 357 3924 (quadrat
376 3854 645 3921 erieseitflrrrnrnnt
657 3886 662 3895 ·
675 3886 680 3895 ·
692 3885 696 3896 ·
710 3858 781 3919 (aete
805 3859 903 3925 optime
921 3858 1227 3925 quudrutlururruon-

85 3932 580 4004 2222222221212222211222212114
653 3935 712 4005 ubi]
733 3936 756 3988 ei
776 3938 843 3990 libri
852 3943 963 4005 praeter
977 3937 1004 3988 A
1077 3935 1130 3987 tibi
1149 3933 1227 3985 nulla

87 4015 246 4070 llilsobelius
269 4017 315 4082 (of.
331 4016 379 4081 A).
417 4015 468 4069 tibi
492 4015 571 4069 nulla
592 4017 682 4080 (nulla
706 4016 758 4069 tibi
778 4017 820 4082 κ’)
846 4020 890 4069 ost
914 4017 979 4069 libri
999 4020 1109 4083 praeter
1127 4016 1154 4067 A

86 4095 209 4164 egritudo
229 4096 264 4148 B.
304 4095 432 4164 egritudo
452 4093 544 4147 CDF
650 4096 790 4150 obuiamst
812 4096 985 4149 llilscbelius.
1024 4094 1135 4147 obuiam
1161 4092 1226 4146 libri

84 4190 139 4228 oum
156 4175 184 4229 A
203 4182 234 4229 ui
252 4177 360 4229 uidetur
450 4174 508 4228 Neo
528 4176 675 4229 Acidulius
693 4179 794 4243 irrepis:
816 4175 839 4228 si
858 4175 898 4227 ibi
917 4173 995 4227 nulla
1018 4177 1062 4227 est
1080 4174 1225 4242 aegritudo

85 4256 172 4309 animo
192 4256 306 4310 obuiam
324 4273 373 4309 uec
390 4257 474 4309 deleto
493 4254 613 4308 Domum
633 4257 763 4324 Guyetus,
784 4255 936 4308 Muellerus
957 4255 1036 4308 Pros.
1055 4254 1098 4306 Pl.
1113 4258 1226 4321 12433:

86 4332 132 4388 Ubi
160 4336 289 4401 redieris,
319 4336 341 4389 si
373 4334 425 4388 tibi
450 4333 555 4389 nullast
578 4335 724 4404 aegritudo
749 4334 841 4388 animo
871 4333 983 4387 obuiam
1083 4339 1142 4386 525.
1172 4347 1226 4385 22-

86 4416 299 4481 222222222221
317 4420 446 4480 22222222
463 4445 468 4455 -
485 4444 491 4455 ·
508 4446 513 4455 ·
529 4445 535 4456 ·
552 4445 558 4456 ·
575 4446 580 4456 ·
597 4445 602 4455 ·
617 4417 725 4483 (quadr.
746 4414 1229 4481 122211121222222222222222222-

86 4493 144 4547 uui
162 4496 189 4548 A
288 4494 361 4547 Num
383 4494 425 4549 ita
448 4497 573 4563 displicet
597 4496 732 4549 Muellero
757 4494 834 4547 Pros.
858 4494 902 4548 Pl.
919 4512 948 4562 p.
970 4498 1023 4546 433
1127 4493 1226 4547 abson-

86 4574 136 4627 lem
155 4574 245 4628 BGD
323 4580 382 4628 526.
402 4587 1226 4641 222222222222222222222,22222222222222222222222222

87 4654 109 4705 A
188 4655 318 4709 Duorum
345 4671 470 4709 versuum
496 4662 589 4723 parles
616 4658 747 4722 couflulus
774 4672 828 4708 esse
849 4655 991 4719 (Omnium
1011 4672 1031 4707 e.
1050 4672 1074 4722 q.
1094 4670 1130 4718 s,
1158 4653 1226 4707 feeit

86 4750 103 4786 e.
119 4752 143 4803 q.
162 4739 197 4801 s.)
219 4737 378 4803 uispieulur
399 4735 536 4803 Berytius
554 4735 635 4790 Dior.
661 4740 717 4788 uui.
737 4736 808 4789 stud.
827 4738 864 4799 (a.
885 4738 968 4801 1850)
989 4738 1102 4803 12346.
1145 4733 1227 4786 Omni

86 4813 324 4886 ...aegritudine
343 4814 505 4884 Speupelius
525 4815 624 4870 Plrrlol.
644 4820 681 4869 23
700 4818 738 4874 (a.
757 4820 844 4882 1869)
858 4833 887 4883 p.
908 4819 960 4868 731
1034 4815 1077 4867 De
1096 4812 1223 4866 Omnium

86 4895 116 4962 of.
145 4896 254 4966 Prolep.
286 4894 363 4951 Yriu,
388 4912 417 4963 p.
444 4893 618 4948 CXXXIII
644 4902 668 4949 et
695 4895 889 4949 Bueobelerum
916 4896 948 4949 de
974 4895 1038 4949 decl.
1064 4911 1094 4961 p.
1119 4898 1155 4946 81
