2932 5452
171 348 235 404 XIV
636 344 841 401 PRAEFATIO

170 511 316 598 tiones*)
349 511 503 597 praebere
532 508 676 596 (praeter
703 505 815 594 unam)
843 530 947 592 neque
974 528 1187 592 personarum
1212 510 1291 589 notas,

171 620 226 684 sed
246 619 353 703 spatia
376 618 428 682 his
447 617 580 702 reliquit
598 639 635 682 ae
655 616 844 700 saepissime
867 615 993 681 litteras
1011 614 1205 680 maiusculas
1221 613 1291 679 initio

170 726 327 792 adhibuit.
373 724 545 790 Praeterea
568 730 602 788 et
623 724 754 808 saepius
778 727 812 789 et
833 723 932 788 latius
954 744 1012 807 per
1035 720 1180 807 duplices
1199 722 1230 785 in
1247 720 1290 785 hac

170 833 281 898 fabula
309 832 476 898 columnas
505 832 705 916 scripserunt
732 830 858 896 librarii
883 828 1043 916 (velutin
1066 831 1214 914 prologo,
1237 827 1289 893 dein

168 941 190 1007 f.
216 941 303 1005 1722.
339 940 424 1004 174'.
460 939 542 1003 175³.
577 934 686 1023 176'),
718 938 802 1023 quod
835 936 1031 1022 singillatim
1064 935 1216 1002 adnotare
1242 956 1288 1000 nou

168 1049 267 1112 iuvat.
319 1046 465 1111 Diversis
495 1049 602 1110 autem
631 1044 746 1109 scribis
774 1043 963 1109 mandatum
991 1042 1093 1108 fuisse
1116 1040 1287 1109 describendi

169 1175 286 1217 munus
306 1152 378 1218 ideo
393 1152 583 1237 urgendum,
603 1152 679 1235 quia
692 1151 766 1216 inde
781 1150 984 1235 explicantur
1002 1150 1140 1216 lacunae
1152 1151 1186 1216 in
1198 1170 1286 1216 smera

168 1259 200 1324 Il
223 1262 245 1325 4
268 1260 415 1344 relictae,
439 1259 556 1343 quibus
580 1258 803 1343 decipiebatur
817 1253 1114 1344 Fleckeisenusfl)
1154 1253 1284 1323 Namlh·

168 1367 274 1452 siugio
299 1366 428 1452 quidem
452 1367 472 1431 1.
496 1388 520 1430 s.
545 1388 569 1430 s.
592 1388 622 1450 p.
647 1365 712 1430 478
736 1364 845 1430 nescio
869 1364 952 1429 uude
975 1362 1164 1449 ‘apparuit',
1183 1362 1283 1429 cunin

168 1475 336 1558 archetypi
364 1472 553 1537 membrana
586 1473 694 1538 vitiosi
728 1472 791 1536 loci
823 1471 962 1536 fuissent
995 1472 1189 1557 scripturam
1214 1487 1283 1554 aegre

168 1581 361 1664 recipientes
386 1602 505 1664 eosque
529 1579 664 1644 vitasset
687 1578 859 1663 librarius,
882 1600 941 1663 pro
964 1577 1090 1643 lacunis
1114 1600 1169 1644 eos
1190 1576 1281 1662 cepisse

167 1688 287 1752 codicis
314 1687 348 1752 B
378 1687 545 1750 librarium
574 1686 737 1770 nimiaque
769 1708 846 1751 cura
880 1708 934 1750 eos
968 1684 1158 1751 reddidisse:
1186 1688 1217 1751 at
1236 1701 1280 1746 ror

166 1794 262 1858 modo
286 1793 531 1878 simpliciorem,
555 1792 609 1859 sed
634 1815 744 1857 veram
769 1793 874 1857 dicere
897 1797 1046 1858 nostram
1064 1792 1279 1876 explicationem

165 1898 220 1986 (cf.
244 1901 283 1965 ad
307 1901 401 1965 inscr.
426 1922 467 1965 sc.
491 1896 583 1986 114)
608 1922 644 1964 eo
669 1900 776 1964 minus
800 1899 978 1983 dubitabis,
1006 1900 1083 1984 quia
1106 1899 1204 1965 altero
1224 1897 1278 1974 loco,

165 2029 261 2091 quem
284 2008 428 2092 neglexit
450 2005 637 2092 Vssingius,
664 2006 762 2091 plane
794 2006 1005 2071 confirmatur
1027 2003 1083 2094 (cf.
1112 2006 1152 2072 ad
1170 2029 1195 2072 v.
1215 1998 1277 2086 95).

164 2113 204 2177 In
228 2112 365 2198 singulis
390 2117 497 2178 autem
521 2113 615 2186 etde
639 2113 674 2178 B
697 2114 792 2178 etde
817 2112 844 2178 U
870 2113 978 2178 codiee
1005 2112 1198 2179 testimoniis
1218 2107 1274 2176 siin

164 2240 357 2303 unaquaque
389 2219 456 2284 fere
490 2221 610 2304 pagiua
639 2224 833 2304 apparatum
861 2222 1010 2286 nostrum
1044 2220 1085 2284 ab
1113 2218 1275 2304 vssinp'uo

163 2348 230 2391 non
254 2327 366 2410 semel,
390 2327 447 2391 ssd
471 2328 598 2411 saepius
621 2333 689 2391 tarn
713 2327 748 2391 iu
771 2327 905 2392 minutis
929 2349 1026 2412 quam
1050 2327 1085 2391 in
1108 2322 1273 2412 gravioribus

166 2432 263 2497 rebus
288 2431 415 2498 differre
439 2434 597 2517 invenies,
619 2433 679 2498 has
703 2455 814 2499 omnes
839 2433 1073 2518 discrepantias
1093 2434 1175 2499 scias
1192 2432 1273 2497 metr

163 2541 226 2604 cite
254 2541 441 2623 respexisse.
486 2539 596 2624 Ipsam
624 2541 710 2604 euim
738 2540 957 2605 recensionem
980 2561 1053 2605 cum
1076 2541 1145 2606 fere
1165 2540 1221 2605 ism
1236 2533 1273 2599 th

163 2646 346 2730 solvissem,
376 2647 430 2711 ubi
454 2645 602 2733 Vssingii
626 2646 800 2712 editionem
824 2647 949 2731 accepi,
976 2647 1063 2712 iuter
1086 2642 1272 2732 corrigendus

162 2754 344 2836 ubicunque
369 2754 456 2817 illius
485 2754 673 2818 testimonis
696 2754 862 2818 differrent
885 2754 923 2818 de
946 2754 981 2819 B
1003 2755 1125 2819 iterum
1147 2747 1272 2833 exemplar

162 2881 181 2922 a
205 2859 393 2938 Ritschelio,
417 2858 545 2925 Loewio
571 2882 684 2944 meque
708 2862 779 2944 ipso
803 2863 982 2926 correctum
1005 2862 1163 2945 consului,
1183 2859 1207 2926 0
1220 2870 1271 2919 ww

161 2966 267 3047 ipsum
291 2966 430 3050 inspexi,
461 2989 556 3052 quem
580 2968 645 3031 iam
670 2989 743 3031 vere
771 2991 799 3033 a
822 2966 1138 3034 MDCOCLXXXVI
1160 2964 1271 3034 accurrit

161 3072 368 3136 contuleram.
424 3073 494 3149 Quo
533 3074 654 3139 sactum
687 3079 750 3158 est,
787 3078 825 3139 ut
855 3075 960 3139 tribus
998 3080 1188 3161 quattuorve
1216 3063 1271 3134 100is

161 3200 268 3242 meum
292 3180 451 3264 quendam
475 3181 510 3244 in
528 3181 792 3245 transscribendo
813 3183 864 3246 vel
884 3182 1076 3267 corrigendo
1096 3203 1223 3249 errorem
1236 3173 1271 3237 dt

159 3285 405 3371 prehenderem,
428 3287 619 3372 plerumque
642 3289 734 3352 illum
758 3310 865 3353 errare
888 3290 1071 3373 probarem.

248 3391 282 3455 D
301 3415 427 3477 quoque
451 3394 592 3461 codicem
616 3399 649 3458 et
663 3394 811 3461 Loewius
836 3400 868 3461 et
891 3417 952 3482 ego
976 3401 1084 3462 totum
1100 3395 1273 3464 excussimus·

161 3500 267 3581 Atque
298 3500 468 3566 schedulae
502 3501 627 3567 cuidam
651 3502 803 3568 ·L0ewius
837 3503 1023 3587 adscripsit,
1057 3506 1142 3590 quod
1173 3497 1271 3570 onni11⁰

230 3751 256 3816 *)
279 3748 369 3817 Ipsius
392 3748 505 3802 fabulae
530 3747 707 3818 inscriptioni
729 3764 844 3805 inorme
862 3765 982 3806 avunns
1007 3751 1084 3821 quod
1107 3753 1208 3822 praeter
1225 3754 1270 3797 σοῦ·

160 3826 333 3881 suetudinem
358 3827 470 3881 additur
489 3842 569 3883 LEGE
588 3827 715 3882 Loowius
734 3830 896 3899 dubitabat,
919 3833 1014 3886 utrum
1032 3846 1106 3888 moal
1124 3818 1268 3901 significavi

159 3921 193 3957 an
208 3920 287 3959 risos:
307 3907 457 3975 (feliciter),
476 3909 529 3962 nisi
544 3909 579 3962 ad
589 3911 690 3978 pantio
704 3911 873 3965 vocabulum
887 3911 1023 3968 adhibeas
1038 3914 1091 3968 sub
1105 3913 1184 3967 linem
1195 3908 1268 3961 Posui

157 3984 304 4037 traditum:
324 3986 378 4039 hoc
393 3990 468 4041 certe
484 3990 628 4043 excludere
642 3988 712 4042 mihi
728 3989 857 4044 videntur
871 3991 950 4060 ipsae
968 3991 1095 4047 litterae:
1114 3992 1161 4046 scd
1173 4005 1202 4043 ne
1212 3979 1266 4054 prio·

158 4080 201 4116 res
224 4063 337 4128 quidem
361 4065 561 4134 explicationes
585 4087 697 4137 prorsus
722 4068 906 4123 satisfaciunt.
949 4069 1011 4125 Etsi
1034 4086 1129 4128 tuom
1150 4088 1199 4127 non
1216 4055 1268 4144 ΜΨ

158 4141 330 4210 cogitatione
350 4145 502 4213 coniungas
522 4164 583 4200 cum
605 4148 707 4217 insigni
727 4151 856 4204 notarum
876 4149 1038 4206 criticamm
1057 4155 1138 4224 copia
1154 4153 1179 4207 in
1192 4150 1267 4207 marp-

157 4222 239 4274 uibus
259 4240 337 4276 erasa
356 4225 385 4277 in
404 4225 439 4277 B.

229 4303 271 4371 **)
290 4303 327 4356 Et
346 4320 395 4372 per
409 4302 521 4359 lacunas
541 4314 697 4363 numeratas
717 4313 746 4363 et
759 4328 809 4379 per
823 4311 894 4365 alias
909 4311 1117 4381 discrepantias
1131 4310 1266 4381 quaurqss⁵1¹1

157 4383 238 4438 huius
258 4383 389 4437 editionis
405 4386 511 4439 numeri
525 4387 675 4442 admodum
691 4390 822 4444 differant
836 4409 852 4445 a
866 4391 1105 4462 Fleckeiseniana,
1124 4397 1203 4447 tamen
1213 4382 1264 4435 ilem

156 4464 235 4519 utin
255 4464 380 4534 Captivis
400 4466 508 4533 curavi,
529 4470 559 4520 ut
578 4467 605 4520 in
624 4467 783 4524 universum
804 4472 994 4528 convenirent.
