2932 5452
591 775 796 836 6666666616
1202 783 1266 839 mr
1371 860 1373 864 Α

160 942 272 1027 plenium
295 946 375 1028 erat,
398 942 454 1007 ubi
478 964 517 1008 ex
539 942 579 1007 19
602 946 724 1027 septen.
744 944 845 1010 troch.
869 945 1143 1011 intercedentibus
1165 968 1265 1011 unum

159 1047 188 1134 (v.
201 1047 284 1135 6616)
305 1047 500 1134 bipartitum
522 1048 623 1113 fuisse
647 1071 802 1136 perquam
826 1050 995 1135 probabile
1019 1051 1071 1118 sit
1108 1051 1170 1117 Sed
1190 1058 1266 1138 post

160 1154 218 1222 lunc
234 1156 389 1221 delectum
412 1158 479 1221 tres
503 1155 653 1240 deinceps
673 1155 895 1223 desiderantur
914 1181 1065 1225 versuum
1083 1160 1174 1242 fines,
1197 1160 1264 1242 qui·

158 1261 287 1328 66661611
312 1262 510 1345 respondere
534 1262 689 1328 videatur.
736 1263 780 1329 At
803 1265 943 1348 primum
967 1263 1095 1350 quidem
1118 1266 1264 1330 animad-

157 1369 274 1433 vertimus
296 1390 336 1433 eo
360 1368 447 1453 loco,
476 1368 532 1453 qui
560 1368 674 1435 lucas
696 1371 768 1436 voci
791 1394 819 1436 v.
844 1371 909 1435 649
932 1374 1020 1436 certa
1042 1371 1168 1437 ratione
1192 1394 1264 1457 sup-

157 1473 231 1556 plebe
249 1479 419 1561 congruat,
445 1475 534 1560 ipsos
562 1475 664 1542 libros
687 1477 836 1543 lacunam
861 1481 1092 1563 congruentem
1120 1479 1264 1563 signare:

156 1580 213 1646 6616
234 1587 366 1668 apparet
392 1603 477 1648 vana
505 1583 612 1666 specie
639 1604 698 1649 nos
729 1584 847 1668 decipi,
877 1583 963 1667 quod
990 1607 1019 1651 v.
1043 1585 1108 1650 630
1130 1585 1263 1669 plenum

157 1707 294 1773 earumque
313 1688 409 1754 nobis
428 1689 586 1755 traditum
605 1712 676 1755 esse
694 1691 902 1774 putabamus:
921 1691 978 1756 ubi
997 1691 1149 1757 facillime
1167 1694 1263 1757 inter-

157 1793 250 1875 polator
269 1796 404 1861 mullum
427 1795 467 1861 ad
490 1795 734 1861 similitudinem
758 1818 786 1861 v.
806 1797 871 1862 633
895 1797 1035 1861 inserere
1053 1798 1170 1883 poluit,
1193 1799 1263 1882 ipse

156 1894 252 1965 Plautus
270 1923 342 1966 cum
360 1902 455 1967 initio
473 1901 611 1983 Affatm
628 1903 680 1968 vel
699 1904 765 1968 tale
785 1903 861 1987 quid
878 1900 1050 1989 dederit*).
1087 1903 1169 1970 Tum
1184 1926 1262 1970 sane

156 2024 267 2073 rourum
280 2008 401 2094 66066.
416 2007 540 2074 lacunis
556 2031 661 2093 neque
674 2010 846 2095 vestigium
861 2031 965 2094 neque
980 2009 1119 2093 suspicio
1130 2010 1262 2077 lacunae

155 2114 297 2195 respondet
351 2114 398 2179 At
433 2115 498 2181 iam
531 2116 769 2202 respiciendum
800 2116 864 2180 erit
896 2114 990 2180 aliter
1026 2115 1086 2181 hos
1118 2116 1262 2182 delectus

155 2225 320 2304 conparatos
340 2243 410 2286 esse
430 2221 525 2287 aliter
547 2221 633 2287 illos.
669 2220 757 2288 Nam
770 2223 883 2304 paucis
900 2222 1027 2303 expedi
1044 2224 1120 2307 post
1131 2224 1264 2304 pendit

154 2326 198 2389 lm
217 2326 301 2393 lacile
324 2348 382 2413 per
405 2349 439 2394 se
462 2327 570 2396 omitti
592 2329 701 2412 potuit
724 2351 820 2413 quam
839 2349 957 2395 aimus
980 2332 1055 2414 post
1066 2329 1189 2411 panas
1212 2330 1261 2393 vel

151 2429 242 2508 pluris:
269 2435 378 2520 itaque
406 2434 467 2501 hos
494 2434 638 2500 delectus
670 2457 736 2502 nou
759 2436 800 2500 ad
828 2436 1038 2519 archetypum
1066 2439 1262 2519 truncatum,

154 2535 191 2598 661
207 2539 239 2603 ad
258 2540 289 2604 P
308 2540 412 2604 redire
434 2540 662 2618 iudicabimus,
693 2545 729 2605 ut
752 2540 824 2605 aliis
847 2541 927 2605 locis
952 2546 983 2605 66
1005 2563 1106 2606 novas
1130 2542 1261 2607 lacunas

155 2637 273 2710 babemus
302 2644 347 2732 (v.
376 2668 401 2711 s.
429 2646 468 2711 de
495 2644 760 2733 v.417sq.,a1.)
789 2646 892 2714 BCD
923 2670 1109 2713 communes
1137 2653 1169 2713 et
1198 2647 1261 2714 OD

156 2751 278 2839 omisisse,
300 2776 383 2839 quae
402 2754 436 2819 B
459 2756 649 2840 servaverit,
672 2759 730 2819 aut
746 2754 780 2820 B
804 2755 974 2838 delevisse,
993 2756 1042 2821 illi
1065 2777 1147 2839 quae
1171 2778 1261 2840 prae

155 2852 231 2942 bor,
252 2861 347 2926 etiam
372 2883 431 2944 per
453 2862 538 2926 hanc
561 2861 707 2926 fabulam
730 2862 1010 2945 deprehendimus,

214 2966 321 3033 Omnia
348 2990 461 3033 rursus
489 2970 685 3034 conveniunt
713 2970 745 3033 in
774 2970 954 3034 continenti
979 2971 999 3034 6
1028 2969 1260 3035 versiculorum

155 3066 287 3150 lyricorum
311 3075 518 3141 mutilatione
539 3075 729 3158 666-671,
752 3076 808 3140 ubi
832 3098 905 3140 eum
928 3076 964 3139 in
988 3076 1089 3141 tribus
1113 3077 1259 3141 versibus

157 3179 220 3254 paulo
238 3185 374 3250 maiores
398 3183 432 3247 in
455 3182 561 3248 tribus
584 3183 725 3247 minores
757 3182 823 3246 sint
853 3185 986 3247 lacunae
1010 3183 1166 3267 initiales,
1195 3184 1259 3248 fere

157 3282 381 3355 accuratione
413 3311 524 3353 versus
554 3289 643 3373 longi
668 3289 854 3354 684-689
880 3293 953 3354 ante
982 3292 1080 3354 linem
1102 3290 1260 3373 perforati

158 3396 216 3476 6161,
233 3397 292 3461 nisi
313 3396 400 3481 quod
420 3419 447 3460 v.
467 3396 530 3461 688
556 3394 597 3461 66
617 3417 774 3480 personae
794 3396 936 3478 spatium
956 3417 1134 3481 congruum
1153 3397 1259 3461 labem

158 3510 199 3560 non
214 3501 369 3588 traxit**).
415 3502 522 3587 66666
547 3504 631 3567 inter
654 3503 714 3567 has
739 3503 870 3567 lacunas
895 3503 973 3567 iusti
995 3503 1199 3568 intercedunt
1222 3526 1260 3567 ex

158 3611 232 3670 nostra
246 3609 455 3694 discriptione
470 3610 513 3675 20
528 3631 656 3693 versus,
679 3609 837 3692 siquidem
857 3611 1018 3674 clausulas
1034 3607 1114 3675 678¹³
1134 3613 1166 3674 66
1180 3609 1260 3675 681b

159 3719 269 3780 consueta
299 3718 426 3782 ratione
459 3717 622 3801 prioribus
657 3716 798 3781 adnexas
840 3717 940 3780 fuisse
978 3718 1143 3783 sumimus.
1197 3716 1259 3781 Sed

159 3805 223 3883 letius
240 3828 328 3907 patet
352 3846 537 3889 consensus.
570 3823 656 3888 Nam
681 3823 819 3908 quodv.
840 3823 905 3888 615
930 3825 1142 3889 suadenteet
1127 3827 1259 3889 vtcrsu

160 3919 180 3977 11
190 3944 249 4003 pura
268 3931 429 4063 scriptura
452 3930 601 4014 supplevi
617 3951 684 4012 pur
706 3950 771 3995 uos
794 3931 902 3994 nescio
928 3952 968 3994 an
993 3931 1165 3996 cohaereat
1188 3953 1259 3994 cum

159 4036 251 4061 N-.

203 4058 303 4166 'lltem
322 4106 443 4160 16666666
467 4104 599 4160 cohaeret
618 4105 692 4173 quod
712 4106 785 4159 etv.
805 4112 857 4159 636
877 4107 948 4160 etv.
970 4105 1068 4159 65616
1088 4104 1179 4158 medio
1198 4121 1258 4172 per-

159 4166 244 4239 l”flatus
265 4190 319 4253 est,
345 4184 474 4240 abiram
496 4203 553 4240 non
576 4183 699 4238 sufficiat
722 4184 808 4238 Brixii
830 4186 942 4239 medela
965 4204 990 4238 v.
1016 4189 1082 4251 656,
1105 4184 1153 4237 sed
1176 4182 1260 4237 altius

157 4244 213 4312 1661
227 4265 308 4320 ulcus
346 4264 478 4319 Ceterum
501 4265 536 4318 de
559 4264 628 4319 locis
648 4264 700 4318 hac
723 4264 830 4355 pagina
854 4268 883 4320 66
900 4265 1059 4333 insequenti
1049 4264 1205 4319 rtraclatis
1225 4265 1259 4319 cf

155 4323 269 4399 lunckeni
287 4345 431 4414 tabulap.
451 4343 501 4400 XV
521 4344 583 4399 adn.
605 4345 739 4416 repetita,
766 4345 844 4399 cuius
865 4362 972 4400 errores
991 4343 1068 4400 nolui
1087 4344 1259 4399 6116666666]-

152 4426 247 4487 lurae.

186 4502 218 4572 ’Ἴ
236 4505 315 4571 Quod
334 4507 482 4575 practerea
500 4524 526 4559 6.
542 4511 593 4560 666
608 4505 743 4560 minorem
763 4505 791 4559 in
810 4505 968 4574 septenario
983 4505 1111 4559 lacunam
1126 4503 1260 4559 habemus

144 4594 203 4646 quan
221 4605 242 4640 v.
258 4593 308 4641 667
329 4584 457 4640 extitisse
477 4603 539 4640 cum
558 4585 622 4640 libri
642 4588 701 4640 tum
720 4590 839 4639 ruetrum
858 4586 988 4653 arguunt,
1007 4585 1074 4638 item
1094 4583 1212 4640 fortasse
1227 4606 1260 4640 ox

139 4676 246 4730 personae
265 4665 359 4736 spatio
374 4683 520 4736 perperam
536 4666 634 4721 relicto
648 4666 813 4721 declaratur.
843 4664 949 4719 Deinde
964 4666 988 4719 ai
1002 4668 1077 4719 recte
1091 4664 1183 4734 priore
1198 4665 1260 4719 loeo

139 4747 152 4800 6
162 4748 311 4815 ,1666611666
326 4746 457 4816 supplevi
472 4747 501 4800 ct
514 4746 606 4800 totum
621 4747 761 4801 canticum
777 4745 862 4813 (quod
877 4745 1020 4813 bucusque
1037 4746 1084 4798 uni
1099 4744 1259 4800 Palaestrae

139 4826 284 4895 ribucbant)
304 4845 339 4882 ox
358 4826 486 4896 vestigiis
506 4843 569 4880 cum
589 4826 740 4881 memoriae
759 4829 819 4879 tum
839 4826 1039 4880 sententiarum
1054 4826 1190 4879 ambabus
1205 4824 1259 4877 dis-

140 4910 209 4980 ibui,
229 4907 314 4962 facile
332 4923 436 4962 nomen
454 4924 505 4976 pro
524 4923 642 4977 persona
661 4905 789 4961 habitum
810 4904 865 4961 iam
885 4905 953 4960 olim
972 4905 1065 4960 omitti
1084 4907 1203 4974 poterat.

1008 4992 1048 5046 b*
