2932 5452
10 39 1028 299 —

83 701 122 755 lv
136 707 275 769 a,ss-s1
527 701 792 758 TRVGVLENTVS
1160 703 1223 768 123

82 861 160 950 (sed
193 865 269 948 quid
308 884 367 949 ego
404 864 457 929 hic
494 864 621 930 clami?
660 865 736 949 quid
773 867 801 930 si
839 889 890 931 me
923 867 1035 932 iubeat
1071 867 1158 931 intro

879 972 1025 1039 mittier?

81 1076 255 1164 Obnceptis
279 1100 330 1143 me
353 1080 420 1143 nbn
447 1078 610 1143 facturum
629 1079 737 1143 uirbis
761 1080 864 1145 iurem
888 1079 919 1144 si
939 1079 1042 1165 uelit.)

28 1232 30 1236 -
80 1182 197 1269 Nugae
230 1188 319 1249 sunt:
353 1185 381 1250 si
414 1182 563 1250 stimulos
595 1186 712 1270 pugnis
746 1186 867 1269 susidis,
898 1186 1050 1252 manibus
1083 1188 1157 1273 plns

880 1293 977 1357 dolet.
1198 1314 1224 1355 u

81 1397 132 1463 De
155 1398 257 1463 nihilo
280 1398 363 1463 nihil
387 1400 437 1462 est
459 1397 566 1482 irasci,
590 1401 672 1482 quae
695 1401 727 1462 te
746 1420 812 1462 non
835 1398 930 1464 flacci
951 1399 1039 1464 facit.

86 1504 149 1570 sed
182 1507 258 1590 qnid
290 1505 352 1570 hoc
385 1504 456 1570 est?
493 1527 551 1589 pro
584 1505 616 1569 di
650 1503 853 1571 inmortales:
886 1504 1054 1571 Cilliclem
1087 1505 1179 1571 uide6

880 1635 999 1696 senem,
1174 1627 1225 1678 770

81 1719 176 1784 Meris
196 1718 251 1804 qui
275 1720 389 1783 adfinis
412 1719 485 1801 nsit,
508 1718 645 1783 ancillas
670 1718 749 1783 duis
774 1720 966 1784 constrictas
991 1720 1114 1801 diluere,

81 1809 229 1890 Alteram
254 1847 361 1890 eccam
384 1825 574 1889 tbnstricem
598 1825 704 1908 huius,
727 1826 862 1891 ilteram
887 1827 1038 1891 ancillam
1062 1828 1163 1891 su'am.

81 1931 253 1996 Pirtimui:
277 1935 451 2017 postquam
474 1936 538 1995 rina
562 1952 640 1995 cura
664 1932 719 1995 abr
737 1953 843 1995 meum
867 1930 972 1997 mouit
995 1933 1100 2016 moda,
1200 1954 1227 1994 sc

81 2036 196 2104 Timeo
220 2060 260 2102 ne
284 2037 457 2103 maleficta
480 2038 615 2123 antiqua
639 2039 710 2101 mia
734 2039 800 2102 sint
818 2039 952 2105 inuenta
975 2040 1092 2104 brunia.

81 2302 182 2339 errans
200 2286 233 2340 de
250 2287 299 2340 bac
317 2286 382 2340 loca.
413 2283 537 2339 satillum
557 2285 586 2351 (i)
606 2270 720 2336 Neilsan
737 2283 813 2350 ‘saur
830 2291 906 2340 nates
923 2301 959 2338 an
976 2287 1108 2340 Plautina
1126 2288 1225 2340 words'

80 2365 134 2430 (ed.
151 2366 288 2420 Greenacle
307 2384 332 2420 a.
352 2369 439 2431 1876)
453 2382 483 2432 p.
503 2369 529 2418 8.
550 2380 601 2417 an:
620 2362 717 2430 Neque
736 2364 812 2439 adeo,
826 2367 892 2419 mist
911 2364 1021 2418 hilum?
1094 2383 1148 2434 quc
1163 2367 1227 2421 Pal·

81 2446 185 2500 inerius
198 2463 228 2514 p.
250 2450 303 2500 705
330 2446 389 2513 (ubi
407 2443 546 2512 sequentia
564 2443 626 2496 item
644 2447 675 2495 ut
693 2444 841 2499 Acidaliae
859 2447 981 2500 inaniter
999 2448 1128 2515 irruptat).
1158 2463 1227 2515 quos

83 2525 151 2578 libri
260 2532 318 2579 766.
340 2522 521 2578 intromittier
535 2522 598 2576 ΒΖ.
632 2522 705 2577 intro
731 2522 838 2577 milliar
856 2525 891 2579 Β.
920 2525 1104 2581 intromittar
1122 2527 1157 2580 D.
1187 2526 1228 2580 in·

83 2604 228 2659 tramittar
242 2622 302 2659 wau
320 2610 391 2673 spat.
407 2603 431 2657 0
572 2606 631 2654 767.
650 2603 742 2656 uerbis
756 2604 845 2659 iurem
860 2607 892 2661 Z.
921 2607 999 2660 nerui
1013 2607 1097 2660 sitem
1111 2607 1176 2676 (sire
1191 2606 1229 2675 B)

81 2683 180 2740 BOD.
218 2682 311 2738 uerbis
331 2682 360 2737 si
379 2699 437 2736 rem
457 2682 483 2733 L
538 2681 560 2734 si
580 2680 650 2735 uelit
659 2685 799 2753 Anqelius.
824 2686 919 2741 sileuit
934 2688 999 2740 libri
1067 2691 1125 2740 768.
1145 2686 1227 2755 Nuga

83 2763 152 2818 BL.
180 2781 254 2836 nuga
273 2764 303 2816 D
445 2762 599 2816 sistimulos
618 2762 645 2815 Β
788 2765 863 2818 cedis
881 2765 948 2820 BL.
984 2765 1065 2820 Cedis
1090 2765 1118 2819 0.
1146 2763 1230 2837 Cedis

83 2844 114 2898 D
166 2877 168 2883 f
217 2850 277 2898 769.
293 2842 424 2897 Denihilo
443 2843 505 2896 BD
612 2841 683 2895 nihil
707 2844 749 2896 est
768 2844 841 2897 libri.
869 2845 912 2899 illi
931 2848 975 2899 est
995 2846 1150 2899 Palmerius
1169 2861 1229 2897 curn

85 2924 184 2978 Dcusa
203 2926 286 2992 (unde
304 2922 414 2978 nihilcd
429 2923 559 2992 Guyetus.
588 2922 631 2975 est
644 2921 686 2974 illi
706 2925 734 2976 te
754 2923 890 2994 Balbine).
924 2925 1034 2980 nihilist
1058 2926 1226 2995 Spenqelius.

82 3008 117 3073 cf.
138 3006 305 3059 Dcmbarlus
324 3006 340 3058 l.
360 3020 380 3056 s.
401 3019 421 3056 s.
440 3021 467 3071 p.
488 3006 542 3056 737
618 3018 672 3072 que
691 3003 720 3055 1)
797 3007 881 3073 quetc
895 3006 954 3059 BL
1026 3005 1175 3060 flacciiacit
1192 3004 1229 3060 L.

83 3085 241 3140 floccifacit
260 3085 286 3137 Z
365 3090 425 3138 770.
445 3083 498 3136 hcc
522 3083 565 3136 est
584 3081 674 3135 OLZ.
694 3080 721 3133 h'
742 3089 756 3137 e
776 3083 812 3138 D.
842 3088 885 3138 est
903 3086 944 3139 B.-
976 3087 1009 3151 cs.
1030 3086 1179 3156 Seyffertus
1197 3087 1229 3139 in

84 3166 177 3220 ‘Sina
198 3164 305 3218 Plaut'
322 3180 352 3233 p.
372 3168 412 3218 28
522 3162 560 3215 dii
579 3161 606 3214 L
694 3161 887 3221 ,immortales
907 3166 972 3220 libri
1097 3167 1228 3220 callidem

83 3245 167 3300 uideo
186 3262 280 3299 senem
304 3244 335 3297 Ζ.
369 3242 519 3296 calistenui
538 3240 699 3311 (calicteniu
713 3242 752 3309 D)
778 3244 878 3301 desani
894 3246 990 3300 BGD.
1028 3245 1166 3300 Calliclem
1185 3261 1228 3300 se-

84 3343 149 3380 nem
168 3326 194 3378 L
302 3329 361 3378 771.
387 3323 473 3376 Hunc
495 3339 601 3377 versum
620 3327 684 3390 post
706 3324 887 3394 insequentem
910 3329 1035 3381 exhibent
1058 3326 1137 3390 libri,
1161 3342 1228 3395 quas

81 3410 189 3477 primus
214 3406 349 3460 Gruterus
372 3404 404 3455 in
429 3401 606 3469 ‘Suspicion'
632 3403 702 3456 libra
725 3406 866 3460 ordinavit
889 3408 1099 3461 assentientibus
1126 3405 1228 3460 Gasan—

83 3490 196 3542 banael
215 3486 343 3540 Acidalio
491 3482 570 3536 Meus
594 3483 643 3553 qui
668 3486 698 3540 Z.
727 3484 833 3555 Meusq;
854 3486 887 3542 Β.
922 3503 1032 3555 meusq2
1056 3485 1119 3539 01).
1152 3503 1229 3538 meus

83 3584 139 3637 que
158 3567 183 3619 L
254 3564 319 3618 Fuit
338 3563 400 3617 01).
420 3580 470 3618 cm.
489 3563 516 3615 B
603 3565 719 3619 ancillas
739 3567 771 3633 (ll
789 3585 822 3621 en
841 3571 868 3633 n)
887 3568 923 3622 Dr
1025 3574 1083 3622 772.
1104 3565 1229 3619 Alteram

86 3646 117 3700 C.
145 3647 242 3700 Altera
261 3645 323 3698 BD
396 3660 490 3697 eccam
509 3659 555 3711 eqo
574 3645 682 3709 addidi,
720 3647 817 3700 Suram
838 3648 990 3701 Muellerus
1005 3664 1033 3713 p.
1054 3651 1116 3712 147,
1149 3644 1228 3698 illam

84 3729 245 3797 Spenyelius
312 3724 443 3779 ancillam
463 3724 492 3777 D
512 3725 581 3790 (alia
599 3729 630 3775 ut
648 3724 702 3775 uid.
723 3725 774 3776 litt.
794 3726 932 3793 incohata)
988 3725 1091 3791 euirati
1168 3731 1227 3780 773.

84 3808 232 3877 plusquam
256 3806 410 3861 Paluserius
463 3819 530 3857 cura
549 3803 649 3856 oua.-
668 3805 701 3869 οἱ.
713 3803 892 3857 Buechelerus
910 3806 942 3858 in
956 3805 1020 3859 Ind.
1039 3808 1120 3860 scbcl.
1135 3806 1227 3860 Bona.

85 3906 110 3941 a.
130 3888 232 3954 inibit
249 3904 277 3954 p.
297 3889 336 3940 25
410 3885 488 3936 Mira
512 3898 600 3936 errare
618 3883 766 3936 Acidaliae
787 3884 839 3936 buc
862 3886 945 3939 traici
962 3887 1049 3939 ualuit
1067 3904 1090 3939 a.
1111 3891 1167 3939 853
1185 3884 1228 3938 Ne

85 3967 140 4020 ista
160 3997 192 4006 -
212 3982 260 4020 cor
278 3965 359 4034 pugit
382 3980 474 4017 meum
565 3967 624 4017 774.
648 3980 682 4017 ne
708 3962 889 4019 Camerarius.
922 3983 1002 4020 neme
1025 3965 1095 4020 BD.
1129 3981 1163 4017 ne
1184 3981 1229 4018 me

88 4046 173 4099 GLZ
243 4045 316 4099 male
336 4044 411 4097 facta
430 4044 456 4096 B
529 4042 585 4096 sint
602 4041 718 4098 inuenta
735 4046 883 4099 Acidalius
898 4062 928 4113 p.
949 4050 1008 4101 551.
1038 4045 1098 4098 sine
1117 4044 1230 4097 inuenia

86 4126 121 4179 B.
142 4127 201 4180 sina
224 4125 367 4178 inueniam
392 4122 515 4193 (inueniri
533 4123 573 4191 D)
596 4126 683 4182 aeleri.
712 4141 796 4178 senex
818 4124 945 4179 inueniat
970 4124 1125 4179 saracenus
1149 4125 1232 4193 (unde

82 4208 173 4274 passis
199 4204 296 4259 Timeo
324 4221 389 4257 mea
418 4202 552 4256 mallacta
579 4203 697 4272 antiqua
723 4221 806 4259 senex
832 4206 885 4272 ne).
919 4221 991 4258 nunc
1014 4204 1155 4258 inueniam
1180 4203 1230 4258 Ca·

86 4286 221 4338 merarius
294 4281 359 4338 offla
377 4283 404 4336 B
