2932 5452
237 332 308 384 XXX
706 330 912 385 PRAEFATIO

324 509 387 574 Tot
413 509 513 593 igitur
540 515 670 593 tamque
694 531 732 572 ex
755 512 847 592 parte
870 509 1023 593 gravibus
1046 509 1172 573 lacunis
1195 530 1270 575 eam
1291 509 1383 575 labu-

234 625 298 687 lam
326 625 473 689 laborare
501 626 700 689 intellectum
728 630 790 708 cst,
818 647 914 709 quam
937 625 1036 689 talem
1058 624 1164 709 qualis
1187 624 1385 710 vulgabatur

235 739 377 824 plerique
401 762 468 804 non
491 740 692 806 incommode
715 740 938 805 lectitavimus.
962 737 1082 815 Quodsi
1104 740 1204 805 nimis
1226 724 1385 805 incertam

235 855 351 918 dixeris
375 878 471 939 quam
495 878 512 918 e
536 856 796 920 nuembranarum
819 855 1107 920 Ambrosianarum
1129 855 1314 920 intervallis
1337 876 1385 919 ar·

180 992 186 999 ·
235 971 511 1055 gumentationem
549 971 710 1056 duximus,
743 971 788 1036 sic
820 971 949 1035 lrabeto.
981 968 1131 1056 'Cogitari
1163 991 1244 1035 sane
1277 973 1387 1055 potest

236 1084 326 1170 (quid
350 1086 437 1150 enim
459 1108 527 1150 nou
551 1085 696 1173 potesta)
720 1088 809 1151 velut
831 1087 975 1172 integras
998 1086 1137 1171 paginas
1160 1108 1220 1170 per
1243 1108 1385 1151 errorem

235 1201 285 1263 bis
313 1201 448 1285 scriptas
481 1224 550 1265 csse
577 1224 597 1265 a
624 1201 755 1266 librario
784 1202 833 1266 vel
866 1202 1031 1265 dimidiam
1057 1200 1214 1287 paginam
1241 1201 1385 1286 aliquam

235 1316 343 1399 aliquo
372 1338 447 1380 casu
476 1316 649 1381 arbitriovc
677 1338 745 1381 esse
774 1338 908 1382 vacuam
940 1317 1085 1381 relictam
1117 1316 1169 1381 vel
1196 1338 1282 1401 quae
1309 1321 1386 1381 sunt

235 1431 353 1495 similia
380 1454 482 1516 piaene
510 1433 767 1497 innumerabilia
795 1432 873 1497 Tale
896 1432 1049 1517 quiddam
1076 1432 1132 1516 qui
1159 1433 1385 1517 amplectabar,

235 1548 296 1611 etsi
319 1551 455 1612 naturae
478 1548 557 1612 vitio
585 1569 692 1613 carere
721 1570 818 1613 sensu
841 1547 1080 1632 probabilitatis
1103 1547 1384 1632 simplicitatisque

235 1662 409 1745 videbitur,
432 1668 520 1727 certa
542 1667 652 1727 tamen
675 1663 917 1753 demonstrandi
940 1662 1132 1727 necessitate
1154 1662 1310 1749 redargmi
1331 1683 1384 1727 ne

236 1778 314 1861 quit.
337 1776 418 1843 Esto
446 1778 558 1864 igitur:
586 1778 762 1863 largiamur
789 1779 819 1842 ei
846 1778 932 1863 quod
960 1800 1028 1843 non
1055 1777 1272 1843 concedimus.
1294 1777 1383 1863 Ergo

236 1893 367 1957 missam
403 1894 502 1957 faciat
530 1894 738 1959 Ambrosiani
769 1894 888 1959 codicis
924 1892 1146 1958 condicionem
1182 1914 1315 1958 omnem
1350 1893 1384 1957 in

236 2009 368 2092 solaque
402 2009 557 2073 subsistat
583 2008 626 2073 'ea
658 2014 749 2093 parte
781 2008 1039 2074 ratiocinationis
1072 2012 1218 2093 nostrae,
1250 2030 1335 2093 quac
1365 2030 1384 2072 a

236 2124 399 2208 pensitato
422 2125 452 2188 vi
476 2124 709 2188 sententiarum
737 2125 944 2209 dispectoque
972 2145 1056 2189 nexu
1079 2124 1265 2207 argumenti
1287 2124 1383 2209 proli·

236 2239 378 2303 ciscitur:
406 2240 456 2303 vel
480 2239 540 2323 sic,
562 2244 599 2303 ut
622 2241 826 2323 confidimus,
849 2261 959 2303 earum
982 2260 1062 2323 quas
1085 2240 1174 2303 certa
1196 2238 1252 2303 via
1273 2260 1312 2303 ac
1335 2261 1384 2303 ra-

236 2355 325 2419 tione
348 2355 671 2419 commonstravimus
693 2356 882 2419 lacunarum
905 2354 1166 2438 probabilitatem
1181 2374 1251 2419 non
1264 2356 1385 2439 poterit

236 2470 297 2534 sibi
320 2491 388 2534 non
410 2468 611 2555 persuadere.

325 2584 475 2650 Ceterum
503 2587 634 2650 lacunas
663 2586 749 2669 quod
776 2607 843 2650 non
866 2585 954 2651 soleo
977 2584 1083 2651 verbis
1106 2587 1237 2649 tantum
1260 2585 1385 2671 signifi·

236 2722 318 2783 carc,
341 2701 397 2764 sed
420 2702 513 2764 simul
539 2701 708 2785 supplendi
728 2701 981 2785 experimentum
999 2701 1119 2784 facere,
1141 2700 1174 2765 id
1187 2721 1257 2765 non
1272 2722 1387 2767 vereor

236 2816 349 2898 nequis
377 2816 423 2878 ita
451 2817 692 2900 interpretetur,
720 2821 756 2879 ut
783 2816 834 2880 vel
862 2816 1062 2880 ambitiosius
1091 2817 1140 2880 vel
1168 2816 1256 2881 iuste
1285 2818 1385 2882 confi-

236 2931 364 2994 dentius
387 2932 509 2995 factum
534 2932 692 2995 videatur:
720 2932 774 3015 qui
798 2954 865 2996 non
888 2932 953 2995 ullo
977 2935 1072 3015 pacto
1096 2932 1263 2997 versiculis
1286 2933 1386 2997 velim

236 3047 372 3130 exempli
396 3068 508 3110 caussa
531 3048 714 3131 propositis,
733 3047 787 3111 scd
811 3047 873 3130 ipsi
897 3047 935 3110 de
959 3046 1066 3129 aliqua
1085 3047 1200 3110 lacuna
1220 3048 1385 3114 coniectu·

236 3184 289 3225 rae
317 3162 412 3224 fidem
439 3163 555 3247 facere,
585 3163 680 3245 idque
708 3166 745 3225 ut
777 3166 882 3225 certae
914 3162 984 3225 viae
1016 3161 1295 3227 demonstratione
1328 3165 1386 3228 fiat

236 3277 362 3340 credam
386 3278 487 3362 ipsius
511 3279 588 3342 artis
611 3278 791 3343 rationibus
811 3281 907 3360 atque
926 3276 1005 3341 adeo
1029 3278 1209 3362 praeceptis
1232 3278 1387 3364 flagitari.

235 3393 283 3457 lle
317 3416 380 3477 quo
417 3394 516 3476 siquis
552 3415 644 3457 secus
681 3393 812 3458 sentiat:
845 3392 921 3476 quid
952 3415 1072 3477 quaeso
1105 3392 1145 3456 ad
1177 3414 1244 3457 rem
1279 3394 1385 3478 ipsam

235 3510 382 3594 interest,
405 3514 513 3573 utrum
536 3532 632 3593 prosa
656 3509 801 3573 oratione
825 3530 868 3572 an
891 3508 1033 3573 numeris
1056 3507 1210 3573 adstricto
1235 3530 1387 3576 sermone

235 3648 339 3690 meam
363 3628 401 3690 de
425 3649 476 3709 eo,
499 3625 584 3709 quod
605 3647 661 3709 per
680 3648 713 3689 sc
732 3624 898 3709 probabile
923 3624 974 3707 sit,
990 3623 1184 3687 sententiam
1204 3625 1387 3707 explicem?

235 3778 276 3786 —
291 3741 364 3805 Huc
387 3743 487 3827 igitur
510 3746 636 3825 praeter
655 3740 800 3824 exempla
823 3761 920 3823 supra
942 3740 1069 3822 prolata
1092 3739 1190 3803 ctiam
1214 3739 1298 3805 illud
1317 3764 1388 3826 per·

233 3857 330 3940 tinet,
357 3858 441 3940 quod
466 3856 658 3940 apertissimi
682 3859 757 3918 ante
781 3878 809 3919 v.
833 3855 896 3918 597
926 3859 959 3919 et
986 3855 1165 3919 sententiae
1187 3859 1222 3919 et
1246 3860 1389 3922 structu·

234 3994 288 4035 rae
321 3972 429 4036 hiatus
461 3970 596 4035 tollendi
628 3971 712 4033 hanc
744 3970 830 4033 viam
863 3969 1084 4034 commendavi
1117 3970 1230 4054 procul
1264 3970 1389 4037 habitis

235 4087 404 4149 uerborum
428 4088 637 4171 ambagibus:

368 4202 565 4265 llestamlust
587 4223 720 4286 peregre
743 4202 888 4286 clupeus,
911 4202 1017 4286 galea,
1040 4201 1177 4265 sarcina.

368 4314 451 4378 Ναυι
478 4323 510 4379 at
531 4319 590 4379 arrei
612 4319 658 4380 cri
682 4318 834 4397 inperitum
859 4318 935 4380 cocci
958 4317 1161 4381 truculentiora
1184 4319 1365 4400 ‹uoaatma
