<?xml version="1.0" encoding="UTF-8"?>
<!DOCTYPE html PUBLIC "-//W3C//DTD XHTML 1.0 Transitional//EN"
    "http://www.w3.org/TR/xhtml1/DTD/xhtml1-transitional.dtd">
<html xmlns="http://www.w3.org/1999/xhtml" xml:lang="en" lang="en">
 <head>
  <title>
</title>
<meta http-equiv="Content-Type" content="text/html;charset=utf-8" />
  <meta name='ocr-system' content='tesseract 3.04.00' />
  <meta name='ocr-capabilities' content='ocr_page ocr_carea ocr_par ocr_line ocrx_word'/>
</head>
<body>
  <div class='ocr_page' id='page_1' title='image "./tmacciplauticom02schgoog_0521.png"; bbox 0 0 2932 5452; ppageno 0'>
   <div class='ocr_carea' id='block_1_1' title="bbox 244 345 1392 415">
    <p class='ocr_par' dir='ltr' id='par_1_1' title="bbox 244 345 1392 415">
     <span class='ocr_line' id='line_1_1' title="bbox 244 345 1392 415; baseline 0.002 -16"><span class='ocrx_word' id='word_1_1' title='bbox 244 347 287 410; x_wconf 80' lang='lat'>80</span> <span class='ocrx_word' id='word_1_2' title='bbox 749 346 880 401; x_wconf 78' lang='lat' dir='ltr'>Pnnvm</span> <span class='ocrx_word' id='word_1_3' title='bbox 1190 345 1230 399; x_wconf 80' lang='lat' dir='ltr'>lv</span> <span class='ocrx_word' id='word_1_4' title='bbox 1244 352 1271 415; x_wconf 82' lang='lat'>1,</span> <span class='ocrx_word' id='word_1_5' title='bbox 1285 353 1392 402; x_wconf 51' lang='grc' dir='ltr'>ιε’-ω</span> 
     </span>
    </p>
   </div>
   <div class='ocr_carea' id='block_1_2' title="bbox 244 544 1397 721">
    <p class='ocr_par' dir='ltr' id='par_1_2' title="bbox 244 544 1397 721">
     <span class='ocr_line' id='line_1_2' title="bbox 716 544 912 598; baseline 0 -1"><span class='ocrx_word' id='word_1_6' title='bbox 716 544 912 598; x_wconf 72' lang='lat' dir='ltr'>Pnnnuunnevs</span> 
     </span>
     <span class='ocr_line' id='line_1_3' title="bbox 244 632 1397 721; baseline 0.003 -22"><span class='ocrx_word' id='word_1_7' title='bbox 244 633 403 699; x_wconf 76' lang='lat' dir='ltr'>Videlicet</span> <span class='ocrx_word' id='word_1_8' title='bbox 426 638 558 718; x_wconf 79' lang='lat' dir='ltr'>parcum</span> <span class='ocrx_word' id='word_1_9' title='bbox 581 635 681 699; x_wconf 86' lang='lat' dir='ltr'>fuisse</span> <span class='ocrx_word' id='word_1_10' title='bbox 705 635 796 698; x_wconf 82' lang='lat' dir='ltr'>illum</span> <span class='ocrx_word' id='word_1_11' title='bbox 821 657 943 720; x_wconf 86' lang='lat' dir='ltr'>senem,</span> <span class='ocrx_word' id='word_1_12' title='bbox 967 635 1024 721; x_wconf 92' lang='lat' dir='ltr'>qui</span> <span class='ocrx_word' id='word_1_13' title='bbox 1047 635 1080 700; x_wconf 91' lang='lat' dir='ltr'>id</span> <span class='ocrx_word' id='word_1_14' title='bbox 1103 632 1234 720; x_wconf 80' lang='lat' dir='ltr'>dixerit,</span> <span class='ocrx_word' id='word_1_15' title='bbox 1342 652 1397 703; x_wconf 72' lang='lat'>⁶55</span> 
     </span>
    </p>
   </div>
   <div class='ocr_carea' id='block_1_3' title="bbox 243 740 1231 840">
    <p class='ocr_par' dir='ltr' id='par_1_3' title="bbox 243 740 1231 840">
     <span class='ocr_line' id='line_1_4' title="bbox 243 740 1231 840; baseline 0.004 -36"><span class='ocrx_word' id='word_1_16' title='bbox 243 740 348 816; x_wconf 75' lang='lat' dir='ltr'>Quem</span> <span class='ocrx_word' id='word_1_17' title='bbox 371 741 433 826; x_wconf 85' lang='lat' dir='ltr'>ille,</span> <span class='ocrx_word' id='word_1_18' title='bbox 456 741 503 804; x_wconf 94' lang='lat' dir='ltr'>illi</span> <span class='ocrx_word' id='word_1_19' title='bbox 527 741 582 825; x_wconf 93' lang='lat' dir='ltr'>qui</span> <span class='ocrx_word' id='word_1_20' title='bbox 605 742 786 826; x_wconf 89' lang='lat' dir='ltr'>p6llicetur‚</span> <span class='ocrx_word' id='word_1_21' title='bbox 809 746 882 840; x_wconf 68' lang='lat' dir='ltr'>esim</span> <span class='ocrx_word' id='word_1_22' title='bbox 906 742 1012 807; x_wconf 89' lang='lat' dir='ltr'>cibum</span> <span class='ocrx_word' id='word_1_23' title='bbox 1037 741 1231 827; x_wconf 80' lang='lat' dir='ltr'>popdseerit</span> 
     </span>
    </p>
   </div>
   <div class='ocr_carea' id='block_1_4' title="bbox 242 871 1306 1050">
    <p class='ocr_par' dir='ltr' id='par_1_4' title="bbox 242 871 1306 1050">
     <span class='ocr_line' id='line_1_5' title="bbox 752 871 875 925; baseline 0 -1"><span class='ocrx_word' id='word_1_24' title='bbox 752 871 875 925; x_wconf 79' lang='lat' dir='ltr'>Aunisno</span> 
     </span>
     <span class='ocr_line' id='line_1_6' title="bbox 242 962 1306 1050; baseline 0.004 -23"><span class='ocrx_word' id='word_1_25' title='bbox 242 962 403 1029; x_wconf 75' lang='lat' dir='ltr'>Videlicet</span> <span class='ocrx_word' id='word_1_26' title='bbox 426 964 597 1048; x_wconf 74' lang='lat' dir='ltr'>inaequom</span> <span class='ocrx_word' id='word_1_27' title='bbox 619 964 720 1029; x_wconf 88' lang='lat' dir='ltr'>fuisse</span> <span class='ocrx_word' id='word_1_28' title='bbox 743 964 833 1027; x_wconf 88' lang='lat' dir='ltr'>illum</span> <span class='ocrx_word' id='word_1_29' title='bbox 858 963 1108 1048; x_wconf 62' lang='lat' dir='ltr'>edulescentem</span> <span class='ocrx_word' id='word_1_30' title='bbox 1130 964 1188 1048; x_wconf 89' lang='lat' dir='ltr'>qui</span> <span class='ocrx_word' id='word_1_31' title='bbox 1212 962 1306 1050; x_wconf 84' lang='lat' dir='ltr'>ssico,</span> 
     </span>
    </p>
   </div>
   <div class='ocr_carea' id='block_1_5' title="bbox 242 1047 1396 1367">
    <p class='ocr_par' dir='ltr' id='par_1_5' title="bbox 242 1047 1396 1367">
     <span class='ocr_line' id='line_1_7' title="bbox 245 1047 1166 1157; baseline 0 -24"><span class='ocrx_word' id='word_1_32' title='bbox 245 1047 308 1134; x_wconf 88' lang='lat' dir='ltr'>Vbi</span> <span class='ocrx_word' id='word_1_33' title='bbox 332 1071 388 1135; x_wconf 91' lang='lat' dir='ltr'>ille</span> <span class='ocrx_word' id='word_1_34' title='bbox 411 1073 525 1155; x_wconf 83' lang='lat' dir='ltr'>poscit,</span> <span class='ocrx_word' id='word_1_35' title='bbox 548 1070 717 1153; x_wconf 73' lang='lat' dir='ltr'>denegarit</span> <span class='ocrx_word' id='word_1_36' title='bbox 740 1069 814 1134; x_wconf 75' lang='lat' dir='ltr'>dire</span> <span class='ocrx_word' id='word_1_37' title='bbox 838 1093 873 1135; x_wconf 90' lang='lat' dir='ltr'>se</span> <span class='ocrx_word' id='word_1_38' title='bbox 896 1076 1033 1157; x_wconf 74' lang='lat' dir='ltr'>granum</span> <span class='ocrx_word' id='word_1_39' title='bbox 1056 1067 1166 1134; x_wconf 87' lang='lat' dir='ltr'>tritici.</span> 
     </span>
     <span class='ocr_line' id='line_1_8' title="bbox 242 1177 1340 1264; baseline 0.003 -24"><span class='ocrx_word' id='word_1_40' title='bbox 242 1177 359 1241; x_wconf 74' lang='lat' dir='ltr'>Hercle</span> <span class='ocrx_word' id='word_1_41' title='bbox 382 1179 437 1262; x_wconf 89' lang='lat' dir='ltr'>qui</span> <span class='ocrx_word' id='word_1_42' title='bbox 461 1199 597 1262; x_wconf 83' lang='lat' dir='ltr'>aequom</span> <span class='ocrx_word' id='word_1_43' title='bbox 620 1177 811 1259; x_wconf 77' lang='lat' dir='ltr'>pustulubut</span> <span class='ocrx_word' id='word_1_44' title='bbox 833 1177 888 1242; x_wconf 91' lang='lat' dir='ltr'>ille</span> <span class='ocrx_word' id='word_1_45' title='bbox 912 1200 1022 1261; x_wconf 83' lang='lat' dir='ltr'>senex,</span> <span class='ocrx_word' id='word_1_46' title='bbox 1045 1177 1175 1264; x_wconf 78' lang='lat' dir='ltr'>qusndd</span> <span class='ocrx_word' id='word_1_47' title='bbox 1202 1178 1340 1263; x_wconf 87' lang='lat' dir='ltr'>quidem</span> 
     </span>
     <span class='ocr_line' id='line_1_9' title="bbox 242 1281 1396 1367; baseline 0.004 -21"><span class='ocrx_word' id='word_1_48' title='bbox 242 1281 346 1348; x_wconf 85' lang='lat' dir='ltr'>Filiae</span> <span class='ocrx_word' id='word_1_49' title='bbox 369 1283 445 1348; x_wconf 85' lang='lat' dir='ltr'>illae</span> <span class='ocrx_word' id='word_1_50' title='bbox 469 1283 601 1348; x_wconf 81' lang='lat' dir='ltr'>dc&#39;derut</span> <span class='ocrx_word' id='word_1_51' title='bbox 623 1283 740 1366; x_wconf 86' lang='lat' dir='ltr'>dotem,</span> <span class='ocrx_word' id='word_1_52' title='bbox 763 1283 907 1367; x_wconf 86' lang='lat' dir='ltr'>accipere</span> <span class='ocrx_word' id='word_1_53' title='bbox 931 1306 989 1367; x_wconf 89' lang='lat' dir='ltr'>pro</span> <span class='ocrx_word' id='word_1_54' title='bbox 1013 1281 1157 1348; x_wconf 78' lang='lat' dir='ltr'>tibicine.</span> <span class='ocrx_word' id='word_1_55' title='bbox 1341 1303 1396 1351; x_wconf 75' lang='lat'>560</span> 
     </span>
    </p>
   </div>
   <div class='ocr_carea' id='block_1_6' title="bbox 240 1405 1298 1583">
    <p class='ocr_par' dir='ltr' id='par_1_6' title="bbox 240 1405 1298 1583">
     <span class='ocr_line' id='line_1_10' title="bbox 715 1405 911 1458; baseline -0.005 0"><span class='ocrx_word' id='word_1_56' title='bbox 715 1405 911 1458; x_wconf 73' lang='lat' dir='ltr'>Pnnuninn’evr</span> 
     </span>
     <span class='ocr_line' id='line_1_11' title="bbox 240 1496 1298 1583; baseline 0.001 -21"><span class='ocrx_word' id='word_1_57' title='bbox 240 1497 357 1563; x_wconf 71' lang='lat' dir='ltr'>Hercle</span> <span class='ocrx_word' id='word_1_58' title='bbox 380 1498 434 1561; x_wconf 91' lang='lat' dir='ltr'>ille</span> <span class='ocrx_word' id='word_1_59' title='bbox 457 1496 586 1583; x_wconf 90' lang='lat' dir='ltr'>quidem</span> <span class='ocrx_word' id='word_1_60' title='bbox 610 1499 698 1561; x_wconf 74' lang='lat' dir='ltr'>certo</span> <span class='ocrx_word' id='word_1_61' title='bbox 722 1497 908 1561; x_wconf 82' lang='lat' dir='ltr'>adulescens</span> <span class='ocrx_word' id='word_1_62' title='bbox 929 1497 1021 1561; x_wconf 78' lang='lat' dir='ltr'>ddcte</span> <span class='ocrx_word' id='word_1_63' title='bbox 1044 1501 1198 1562; x_wconf 76' lang='lat' dir='ltr'>uersutus</span> <span class='ocrx_word' id='word_1_64' title='bbox 1223 1497 1298 1583; x_wconf 83' lang='lat' dir='ltr'>fuit,</span> 
     </span>
    </p>
   </div>
   <div class='ocr_carea' id='block_1_7' title="bbox 240 1602 1389 2116">
    <p class='ocr_par' dir='ltr' id='par_1_7' title="bbox 240 1602 1389 2116">
     <span class='ocr_line' id='line_1_12' title="bbox 242 1602 1183 1693; baseline -0.001 -24"><span class='ocrx_word' id='word_1_65' title='bbox 242 1603 308 1681; x_wconf 84' lang='lat' dir='ltr'>Qui</span> <span class='ocrx_word' id='word_1_66' title='bbox 330 1605 399 1669; x_wconf 85' lang='lat' dir='ltr'>seni</span> <span class='ocrx_word' id='word_1_67' title='bbox 422 1604 469 1668; x_wconf 93' lang='lat' dir='ltr'>illi</span> <span class='ocrx_word' id='word_1_68' title='bbox 493 1603 706 1667; x_wconf 83' lang='lat' dir='ltr'>cdncubinum</span> <span class='ocrx_word' id='word_1_69' title='bbox 730 1603 806 1668; x_wconf 72' lang='lat' dir='ltr'>deire</span> <span class='ocrx_word' id='word_1_70' title='bbox 830 1602 977 1668; x_wconf 80' lang='lat' dir='ltr'>dotatam</span> <span class='ocrx_word' id='word_1_71' title='bbox 999 1603 1112 1668; x_wconf 83' lang='lat' dir='ltr'>ndluit</span> <span class='ocrx_word' id='word_1_72' title='bbox 1177 1684 1183 1693; x_wconf 29' lang='grc' dir='ltr'><strong><em>Ι</em></strong></span> 
     </span>
     <span class='ocr_line' id='line_1_13' title="bbox 750 1725 872 1778; baseline 0.016 -2"><span class='ocrx_word' id='word_1_73' title='bbox 750 1725 872 1778; x_wconf 73' lang='lat' dir='ltr'>duminio</span> 
     </span>
     <span class='ocr_line' id='line_1_14' title="bbox 241 1804 1172 1901; baseline 0 -19"><span class='ocrx_word' id='word_1_74' title='bbox 241 1817 344 1883; x_wconf 68' lang='lat' dir='ltr'>Senex</span> <span class='ocrx_word' id='word_1_75' title='bbox 368 1817 496 1901; x_wconf 90' lang='lat' dir='ltr'>quidem</span> <span class='ocrx_word' id='word_1_76' title='bbox 520 1804 641 1898; x_wconf 60' lang='lat' dir='ltr'>uoluit,&#39;</span> <span class='ocrx_word' id='word_1_77' title='bbox 656 1816 684 1879; x_wconf 91' lang='lat' dir='ltr'>si</span> <span class='ocrx_word' id='word_1_78' title='bbox 707 1819 826 1898; x_wconf 86' lang='lat' dir='ltr'>posset,</span> <span class='ocrx_word' id='word_1_79' title='bbox 849 1815 997 1898; x_wconf 74' lang='lat' dir='ltr'>indipisci</span> <span class='ocrx_word' id='word_1_80' title='bbox 1022 1816 1060 1880; x_wconf 71' lang='lat' dir='ltr'>de</span> <span class='ocrx_word' id='word_1_81' title='bbox 1084 1816 1172 1882; x_wconf 89' lang='lat' dir='ltr'>cibo:</span> 
     </span>
     <span class='ocr_line' id='line_1_15' title="bbox 242 1922 1084 2009; baseline -0.002 -19"><span class='ocrx_word' id='word_1_82' title='bbox 242 1925 326 2002; x_wconf 78' lang='lat' dir='ltr'>Quia</span> <span class='ocrx_word' id='word_1_83' title='bbox 349 1925 472 2009; x_wconf 85' lang='lat' dir='ltr'>nequit,</span> <span class='ocrx_word' id='word_1_84' title='bbox 495 1947 559 2008; x_wconf 81' lang='lat' dir='ltr'>qus</span> <span class='ocrx_word' id='word_1_85' title='bbox 582 1924 653 2007; x_wconf 78' lang='lat' dir='ltr'>lege</span> <span class='ocrx_word' id='word_1_86' title='bbox 676 1922 769 1986; x_wconf 90' lang='lat' dir='ltr'>licuit</span> <span class='ocrx_word' id='word_1_87' title='bbox 792 1924 874 1986; x_wconf 86' lang='lat' dir='ltr'>ue&#39;lle</span> <span class='ocrx_word' id='word_1_88' title='bbox 899 1923 979 1987; x_wconf 82' lang='lat' dir='ltr'>dixit</span> <span class='ocrx_word' id='word_1_89' title='bbox 1002 1922 1084 1988; x_wconf 86' lang='lat' dir='ltr'>fieri.</span> 
     </span>
     <span class='ocr_line' id='line_1_16' title="bbox 240 2007 1389 2116; baseline 0.003 -22"><span class='ocrx_word' id='word_1_90' title='bbox 240 2029 337 2095; x_wconf 81' lang='lat' dir='ltr'>‘Fiat&#39;</span> <span class='ocrx_word' id='word_1_91' title='bbox 362 2031 417 2095; x_wconf 91' lang='lat' dir='ltr'>ille</span> <span class='ocrx_word' id='word_1_92' title='bbox 441 2029 546 2114; x_wconf 92' lang='lat' dir='ltr'>inquit</span> <span class='ocrx_word' id='word_1_93' title='bbox 569 2007 768 2095; x_wconf 80' lang='lat' dir='ltr'>adulescens.</span> <span class='ocrx_word' id='word_1_94' title='bbox 792 2029 884 2094; x_wconf 61' lang='lat' dir='ltr'>‘lucis</span> <span class='ocrx_word' id='word_1_95' title='bbox 903 2030 1054 2115; x_wconf 85' lang='lat' dir='ltr'>benigne&#39;</span> <span class='ocrx_word' id='word_1_96' title='bbox 1079 2033 1185 2116; x_wconf 87' lang='lat' dir='ltr'>inquit</span> <span class='ocrx_word' id='word_1_97' title='bbox 1205 2056 1312 2100; x_wconf 83' lang='lat' dir='ltr'>senex.</span> <span class='ocrx_word' id='word_1_98' title='bbox 1339 2052 1389 2100; x_wconf 76' lang='lat'>565</span> 
     </span>
    </p>
   </div>
   <div class='ocr_carea' id='block_1_8' title="bbox 283 2194 449 2201">
    <p class='ocr_par' dir='ltr' id='par_1_8' title="bbox 283 2194 449 2201">
     <span class='ocr_line' id='line_1_17' title="bbox 283 2194 449 2201; baseline 0 -1"><span class='ocrx_word' id='word_1_99' title='bbox 283 2194 343 2201; x_wconf 59' lang='grc' dir='ltr'>η...</span> <span class='ocrx_word' id='word_1_100' title='bbox 357 2195 430 2199; x_wconf 76' lang='lat'>--—---</span> <span class='ocrx_word' id='word_1_101' title='bbox 445 2195 449 2198; x_wconf 92' lang='lat'>-</span> 
     </span>
    </p>
   </div>
   <div class='ocr_carea' id='block_1_9' title="bbox 238 2251 1390 2825">
    <p class='ocr_par' dir='ltr' id='par_1_9' title="bbox 238 2251 1390 2825">
     <span class='ocr_line' id='line_1_18' title="bbox 239 2251 1338 2345; baseline 0 -13"><span class='ocrx_word' id='word_1_102' title='bbox 239 2281 369 2332; x_wconf 89' lang='lat' dir='ltr'>truncent</span> <span class='ocrx_word' id='word_1_103' title='bbox 379 2277 416 2343; x_wconf 83' lang='lat' dir='ltr'>F,</span> <span class='ocrx_word' id='word_1_104' title='bbox 429 2278 507 2331; x_wconf 79' lang='lat' dir='ltr'>Pius.</span> <span class='ocrx_word' id='word_1_105' title='bbox 532 2275 820 2333; x_wconf 84' lang='lat' dir='ltr'>contruncentBOI).</span> <span class='ocrx_word' id='word_1_106' title='bbox 841 2277 1003 2332; x_wconf 77' lang='lat' dir='ltr'>cdtrdcetZ</span> <span class='ocrx_word' id='word_1_107' title='bbox 1057 2277 1157 2345; x_wconf 83' lang='lat' dir='ltr'>cybum</span> <span class='ocrx_word' id='word_1_108' title='bbox 1168 2279 1205 2332; x_wconf 90' lang='lat' dir='ltr'>D.</span> <span class='ocrx_word' id='word_1_109' title='bbox 1234 2251 1338 2334; x_wconf 78' lang='lat' dir='ltr'>cibsiB</span> 
     </span>
     <span class='ocr_line' id='line_1_19' title="bbox 246 2355 1390 2427; baseline 0.002 -18"><span class='ocrx_word' id='word_1_110' title='bbox 246 2357 275 2412; x_wconf 92' lang='lat' dir='ltr'>V.</span> <span class='ocrx_word' id='word_1_111' title='bbox 288 2362 433 2412; x_wconf 77' lang='lat'><em>555-560</em></span> <span class='ocrx_word' id='word_1_112' title='bbox 448 2358 600 2424; x_wconf 79' lang='lat' dir='ltr'>desperatos</span> <span class='ocrx_word' id='word_1_113' title='bbox 615 2371 668 2409; x_wconf 82' lang='lat' dir='ltr'>csse</span> <span class='ocrx_word' id='word_1_114' title='bbox 678 2357 747 2408; x_wconf 81' lang='lat' dir='ltr'>dicit</span> <span class='ocrx_word' id='word_1_115' title='bbox 758 2355 911 2411; x_wconf 81' lang='lat' dir='ltr'>Muellerus</span> <span class='ocrx_word' id='word_1_116' title='bbox 919 2357 1034 2413; x_wconf 74' lang='lat' dir='ltr'>Nuclstr.</span> <span class='ocrx_word' id='word_1_117' title='bbox 1040 2363 1114 2427; x_wconf 53' lang='lat' dir='ltr'>ped</span> <span class='ocrx_word' id='word_1_118' title='bbox 1159 2365 1219 2412; x_wconf 76' lang='lat'><strong>555.</strong></span> <span class='ocrx_word' id='word_1_119' title='bbox 1238 2359 1312 2415; x_wconf 87' lang='lat' dir='ltr'>Vere.</span> <span class='ocrx_word' id='word_1_120' title='bbox 1322 2362 1390 2415; x_wconf 82' lang='lat' dir='ltr'>delet</span> 
     </span>
     <span class='ocr_line' id='line_1_20' title="bbox 241 2433 1388 2509; baseline 0.003 -20"><span class='ocrx_word' id='word_1_121' title='bbox 241 2437 364 2506; x_wconf 72' lang='lat' dir='ltr'>Guyelus</span> <span class='ocrx_word' id='word_1_122' title='bbox 430 2435 580 2505; x_wconf 84' lang='lat' dir='ltr'>Videlicet]</span> <span class='ocrx_word' id='word_1_123' title='bbox 600 2433 719 2489; x_wconf 84' lang='lat' dir='ltr'>Videtur</span> <span class='ocrx_word' id='word_1_124' title='bbox 739 2435 769 2487; x_wconf 82' lang='lat' dir='ltr'><em>F</em></span> <span class='ocrx_word' id='word_1_125' title='bbox 838 2453 952 2505; x_wconf 83' lang='lat' dir='ltr'>parcum</span> <span class='ocrx_word' id='word_1_126' title='bbox 972 2454 1006 2491; x_wconf 77' lang='lat' dir='ltr'>ex</span> <span class='ocrx_word' id='word_1_127' title='bbox 1024 2441 1135 2506; x_wconf 73' lang='lat' dir='ltr'>partum</span> <span class='ocrx_word' id='word_1_128' title='bbox 1153 2442 1182 2502; x_wconf 89' lang='lat' dir='ltr'>(c</span> <span class='ocrx_word' id='word_1_129' title='bbox 1199 2455 1260 2509; x_wconf 76' lang='lat' dir='ltr'>sup.</span> <span class='ocrx_word' id='word_1_130' title='bbox 1279 2447 1345 2495; x_wconf 75' lang='lat' dir='ltr'>scr.)</span> <span class='ocrx_word' id='word_1_131' title='bbox 1362 2439 1388 2492; x_wconf 92' lang='grc' dir='ltr'><strong><em>Β</em></strong></span> 
     </span>
     <span class='ocr_line' id='line_1_21' title="bbox 309 2514 1388 2586; baseline 0.005 -18"><span class='ocrx_word' id='word_1_132' title='bbox 309 2517 394 2569; x_wconf 85' lang='lat' dir='ltr'>fuisse</span> <span class='ocrx_word' id='word_1_133' title='bbox 413 2516 493 2570; x_wconf 89' lang='lat' dir='ltr'>illum</span> <span class='ocrx_word' id='word_1_134' title='bbox 514 2515 645 2584; x_wconf 80' lang='lat' dir='ltr'>Guyetus.</span> <span class='ocrx_word' id='word_1_135' title='bbox 683 2514 762 2567; x_wconf 88' lang='lat' dir='ltr'>illum</span> <span class='ocrx_word' id='word_1_136' title='bbox 782 2514 868 2570; x_wconf 85' lang='lat' dir='ltr'>fuisse</span> <span class='ocrx_word' id='word_1_137' title='bbox 887 2518 967 2583; x_wconf 77' lang='lat' dir='ltr'>libri,</span> <span class='ocrx_word' id='word_1_138' title='bbox 987 2519 1044 2572; x_wconf 80' lang='lat' dir='ltr'>uisi</span> <span class='ocrx_word' id='word_1_139' title='bbox 1062 2519 1134 2586; x_wconf 82' lang='lat' dir='ltr'>quod</span> <span class='ocrx_word' id='word_1_140' title='bbox 1152 2518 1243 2572; x_wconf 82' lang='lat' dir='ltr'>lmese</span> <span class='ocrx_word' id='word_1_141' title='bbox 1263 2521 1289 2573; x_wconf 80' lang='lat' dir='ltr'><em>Z</em></span> <span class='ocrx_word' id='word_1_142' title='bbox 1360 2520 1388 2573; x_wconf 91' lang='lat' dir='ltr'>id</span> 
     </span>
     <span class='ocr_line' id='line_1_22' title="bbox 240 2595 1388 2666; baseline 0.003 -16"><span class='ocrx_word' id='word_1_143' title='bbox 240 2596 380 2650; x_wconf 65' lang='lat' dir='ltr'>Ismenus</span> <span class='ocrx_word' id='word_1_144' title='bbox 396 2615 425 2665; x_wconf 84' lang='lat' dir='ltr'>p.</span> <span class='ocrx_word' id='word_1_145' title='bbox 446 2601 489 2649; x_wconf 77' lang='lat'>67.</span> <span class='ocrx_word' id='word_1_146' title='bbox 508 2612 559 2650; x_wconf 72' lang='lat' dir='ltr'>cuz.</span> <span class='ocrx_word' id='word_1_147' title='bbox 579 2595 652 2648; x_wconf 77' lang='lat' dir='ltr'>libri.</span> <span class='ocrx_word' id='word_1_148' title='bbox 690 2595 743 2647; x_wconf 90' lang='lat' dir='ltr'>hoc</span> <span class='ocrx_word' id='word_1_149' title='bbox 761 2595 910 2664; x_wconf 71' lang='lat' dir='ltr'>Bryurelus</span> <span class='ocrx_word' id='word_1_150' title='bbox 1000 2603 1060 2651; x_wconf 72' lang='lat'><strong>656.</strong></span> <span class='ocrx_word' id='word_1_151' title='bbox 1085 2597 1175 2662; x_wconf 81' lang='lat' dir='ltr'>Quum</span> <span class='ocrx_word' id='word_1_152' title='bbox 1194 2598 1258 2665; x_wconf 87' lang='lat' dir='ltr'>ille,</span> <span class='ocrx_word' id='word_1_153' title='bbox 1277 2597 1322 2652; x_wconf 90' lang='lat' dir='ltr'>illi</span> <span class='ocrx_word' id='word_1_154' title='bbox 1341 2600 1388 2666; x_wconf 87' lang='lat' dir='ltr'>qui</span> 
     </span>
     <span class='ocr_line' id='line_1_23' title="bbox 238 2674 1387 2746; baseline -0.001 -15"><span class='ocrx_word' id='word_1_155' title='bbox 238 2675 396 2743; x_wconf 87' lang='lat' dir='ltr'>pollicetur,</span> <span class='ocrx_word' id='word_1_156' title='bbox 412 2695 474 2730; x_wconf 89' lang='lat' dir='ltr'>cum</span> <span class='ocrx_word' id='word_1_157' title='bbox 485 2675 665 2728; x_wconf 73' lang='lat' dir='ltr'>Ritsclrelius:</span> <span class='ocrx_word' id='word_1_158' title='bbox 680 2674 854 2741; x_wconf 76' lang='lat' dir='ltr'>‘quuuzquam</span> <span class='ocrx_word' id='word_1_159' title='bbox 871 2676 961 2739; x_wconf 72' lang='lat' dir='ltr'>Quom</span> <span class='ocrx_word' id='word_1_160' title='bbox 976 2677 1025 2730; x_wconf 89' lang='lat' dir='ltr'>ille</span> <span class='ocrx_word' id='word_1_161' title='bbox 1040 2676 1093 2730; x_wconf 88' lang='lat' dir='ltr'>sibi</span> <span class='ocrx_word' id='word_1_162' title='bbox 1104 2677 1152 2744; x_wconf 86' lang='lat' dir='ltr'>qni</span> <span class='ocrx_word' id='word_1_163' title='bbox 1162 2677 1315 2746; x_wconf 87' lang='lat' dir='ltr'>pollicetur</span> <span class='ocrx_word' id='word_1_164' title='bbox 1325 2696 1387 2733; x_wconf 86' lang='lat' dir='ltr'>cum</span> 
     </span>
     <span class='ocr_line' id='line_1_24' title="bbox 240 2753 1388 2825; baseline 0.003 -16"><span class='ocrx_word' id='word_1_165' title='bbox 240 2758 327 2825; x_wconf 62' lang='lat' dir='ltr'>runcis</span> <span class='ocrx_word' id='word_1_166' title='bbox 346 2758 427 2809; x_wconf 80' lang='lat' dir='ltr'>elium</span> <span class='ocrx_word' id='word_1_167' title='bbox 442 2757 614 2824; x_wconf 66' lang='lat' dir='ltr'>placiturum</span> <span class='ocrx_word' id='word_1_168' title='bbox 633 2754 689 2809; x_wconf 78' lang='lat' dir='ltr'>sil&#39;.</span> <span class='ocrx_word' id='word_1_169' title='bbox 728 2754 788 2818; x_wconf 78' lang='lat' dir='ltr'>Quo</span> <span class='ocrx_word' id='word_1_170' title='bbox 808 2753 856 2808; x_wconf 90' lang='lat' dir='ltr'>illc</span> <span class='ocrx_word' id='word_1_171' title='bbox 875 2756 918 2808; x_wconf 93' lang='lat' dir='ltr'>illi</span> <span class='ocrx_word' id='word_1_172' title='bbox 937 2754 1087 2823; x_wconf 87' lang='lat' dir='ltr'>pollicetur</span> <span class='ocrx_word' id='word_1_173' title='bbox 1112 2757 1242 2823; x_wconf 89' lang='lat' dir='ltr'>quicum</span> <span class='ocrx_word' id='word_1_174' title='bbox 1261 2757 1302 2809; x_wconf 87' lang='lat' dir='ltr'>B:</span> <span class='ocrx_word' id='word_1_175' title='bbox 1328 2760 1388 2812; x_wconf 75' lang='lat' dir='ltr'>itere</span> 
     </span>
    </p>
   </div>
   <div class='ocr_carea' id='block_1_10' title="bbox 235 2837 1396 4279">
    <p class='ocr_par' dir='ltr' id='par_1_10' title="bbox 235 2837 1396 4279">
     <span class='ocr_line' id='line_1_25' title="bbox 239 2837 1323 2922; baseline 0.001 -16"><span class='ocrx_word' id='word_1_176' title='bbox 239 2855 351 2921; x_wconf 76' lang='lat' dir='ltr'>reliqui,</span> <span class='ocrx_word' id='word_1_177' title='bbox 376 2855 432 2907; x_wconf 64' lang='lat' dir='ltr'>rarsi</span> <span class='ocrx_word' id='word_1_178' title='bbox 455 2854 526 2921; x_wconf 74' lang='lat' dir='ltr'>quod</span> <span class='ocrx_word' id='word_1_179' title='bbox 549 2852 680 2922; x_wconf 86' lang='lat' dir='ltr'>quoniam</span> <span class='ocrx_word' id='word_1_180' title='bbox 705 2853 739 2905; x_wconf 83' lang='lat' dir='ltr'>ab</span> <span class='ocrx_word' id='word_1_181' title='bbox 768 2853 849 2905; x_wconf 79' lang='lat' dir='ltr'>initio</span> <span class='ocrx_word' id='word_1_182' title='bbox 874 2851 977 2919; x_wconf 65' lang='grc' dir='ltr'>ΟΜ,</span> <span class='ocrx_word' id='word_1_183' title='bbox 996 2837 1048 2920; x_wconf 61' lang='lat' dir='ltr'>qm</span> <span class='ocrx_word' id='word_1_184' title='bbox 1069 2854 1107 2919; x_wconf 82' lang='lat' dir='ltr'>Z,</span> <span class='ocrx_word' id='word_1_185' title='bbox 1132 2852 1273 2921; x_wconf 86' lang='lat' dir='ltr'>policetur</span> <span class='ocrx_word' id='word_1_186' title='bbox 1292 2855 1323 2906; x_wconf 80' lang='lat' dir='ltr'><em>F</em></span> 
     </span>
     <span class='ocr_line' id='line_1_26' title="bbox 309 2933 1386 3000; baseline 0.005 -16"><span class='ocrx_word' id='word_1_187' title='bbox 309 2933 390 2986; x_wconf 78' lang='lat' dir='ltr'>Nilu&#39;l</span> <span class='ocrx_word' id='word_1_188' title='bbox 405 2935 580 3000; x_wconf 75' lang='lat' dir='ltr'>profecerunt</span> <span class='ocrx_word' id='word_1_189' title='bbox 599 2934 697 2987; x_wconf 83' lang='lat' dir='ltr'>Dcusu</span> <span class='ocrx_word' id='word_1_190' title='bbox 715 2937 740 2985; x_wconf 85' lang='lat' dir='ltr'>el</span> <span class='ocrx_word' id='word_1_191' title='bbox 759 2934 906 2987; x_wconf 56' lang='lat' dir='ltr'>:ludalius</span> <span class='ocrx_word' id='word_1_192' title='bbox 984 2935 1084 3000; x_wconf 83' lang='lat' dir='ltr'>cybum</span> <span class='ocrx_word' id='word_1_193' title='bbox 1105 2933 1134 2985; x_wconf 80' lang='lat'>1)</span> <span class='ocrx_word' id='word_1_194' title='bbox 1222 2943 1283 2991; x_wconf 76' lang='lat'><strong>557.</strong></span> <span class='ocrx_word' id='word_1_195' title='bbox 1304 2935 1386 2990; x_wconf 88' lang='lat' dir='ltr'>Vide·</span> 
     </span>
     <span class='ocr_line' id='line_1_27' title="bbox 237 3013 1384 3080; baseline 0.004 -16"><span class='ocrx_word' id='word_1_196' title='bbox 237 3014 284 3064; x_wconf 82' lang='lat' dir='ltr'>tur</span> <span class='ocrx_word' id='word_1_197' title='bbox 302 3019 332 3065; x_wconf 86' lang='lat' dir='ltr'>ul</span> <span class='ocrx_word' id='word_1_198' title='bbox 352 3031 375 3068; x_wconf 75' lang='lat' dir='ltr'>e.</span> <span class='ocrx_word' id='word_1_199' title='bbox 396 3019 449 3066; x_wconf 77' lang='lat'>555</span> <span class='ocrx_word' id='word_1_200' title='bbox 470 3013 500 3066; x_wconf 79' lang='lat' dir='ltr'><em>F</em></span> <span class='ocrx_word' id='word_1_201' title='bbox 587 3013 734 3080; x_wconf 83' lang='lat' dir='ltr'>inaequcm</span> <span class='ocrx_word' id='word_1_202' title='bbox 762 3013 847 3066; x_wconf 86' lang='lat' dir='ltr'>fuisse</span> <span class='ocrx_word' id='word_1_203' title='bbox 871 3013 951 3065; x_wconf 90' lang='lat' dir='ltr'>illum</span> <span class='ocrx_word' id='word_1_204' title='bbox 974 3015 1081 3080; x_wconf 77' lang='lat' dir='ltr'>scripsi.</span> <span class='ocrx_word' id='word_1_205' title='bbox 1119 3031 1174 3067; x_wconf 90' lang='lat' dir='ltr'>non</span> <span class='ocrx_word' id='word_1_206' title='bbox 1194 3014 1280 3068; x_wconf 85' lang='lat' dir='ltr'>luisse</span> <span class='ocrx_word' id='word_1_207' title='bbox 1305 3016 1384 3069; x_wconf 90' lang='lat' dir='ltr'>illum</span> 
     </span>
     <span class='ocr_line' id='line_1_28' title="bbox 238 3091 1387 3161; baseline 0.005 -17"><span class='ocrx_word' id='word_1_208' title='bbox 238 3109 356 3160; x_wconf 83' lang='lat' dir='ltr'>nequam</span> <span class='ocrx_word' id='word_1_209' title='bbox 385 3093 498 3146; x_wconf 78' lang='lat' dir='ltr'>iruuisso</span> <span class='ocrx_word' id='word_1_210' title='bbox 525 3094 680 3161; x_wconf 71' lang='lat' dir='ltr'>yloesemule</span> <span class='ocrx_word' id='word_1_211' title='bbox 707 3092 803 3145; x_wconf 72' lang='lat'><em>1301).</em></span> <span class='ocrx_word' id='word_1_212' title='bbox 847 3091 932 3145; x_wconf 84' lang='lat' dir='ltr'>luisse</span> <span class='ocrx_word' id='word_1_213' title='bbox 965 3092 1044 3146; x_wconf 89' lang='lat' dir='ltr'>illum</span> <span class='ocrx_word' id='word_1_214' title='bbox 1078 3110 1199 3161; x_wconf 86' lang='lat' dir='ltr'>nequem</span> <span class='ocrx_word' id='word_1_215' title='bbox 1228 3095 1296 3147; x_wconf 69' lang='grc' dir='ltr'>ΓΖ.</span> <span class='ocrx_word' id='word_1_216' title='bbox 1342 3114 1387 3150; x_wconf 84' lang='lat' dir='ltr'>ne—</span> 
     </span>
     <span class='ocr_line' id='line_1_29' title="bbox 238 3172 1386 3239; baseline 0.003 -15"><span class='ocrx_word' id='word_1_217' title='bbox 238 3190 320 3239; x_wconf 82' lang='lat' dir='ltr'>quem</span> <span class='ocrx_word' id='word_1_218' title='bbox 355 3173 438 3226; x_wconf 86' lang='lat' dir='ltr'>luisse</span> <span class='ocrx_word' id='word_1_219' title='bbox 467 3173 547 3225; x_wconf 89' lang='lat' dir='ltr'>illum</span> <span class='ocrx_word' id='word_1_220' title='bbox 577 3173 742 3227; x_wconf 73' lang='lat' dir='ltr'>llitsclrelius</span> <span class='ocrx_word' id='word_1_221' title='bbox 770 3188 830 3225; x_wconf 84' lang='lat' dir='ltr'>curu</span> <span class='ocrx_word' id='word_1_222' title='bbox 862 3172 963 3225; x_wconf 69' lang='lat' dir='ltr'>Belloio</span> <span class='ocrx_word' id='word_1_223' title='bbox 991 3179 1015 3227; x_wconf 83' lang='lat' dir='ltr'>et</span> <span class='ocrx_word' id='word_1_224' title='bbox 1043 3172 1174 3227; x_wconf 76' lang='lat' dir='ltr'>Lernaeo,</span> <span class='ocrx_word' id='word_1_225' title='bbox 1217 3190 1272 3226; x_wconf 89' lang='lat' dir='ltr'>non</span> <span class='ocrx_word' id='word_1_226' title='bbox 1302 3174 1386 3228; x_wconf 78' lang='lat' dir='ltr'>fuisse</span> 
     </span>
     <span class='ocr_line' id='line_1_30' title="bbox 237 3250 1385 3322; baseline 0.003 -19"><span class='ocrx_word' id='word_1_227' title='bbox 237 3251 315 3304; x_wconf 92' lang='lat' dir='ltr'>illum</span> <span class='ocrx_word' id='word_1_228' title='bbox 341 3270 459 3320; x_wconf 81' lang='lat' dir='ltr'>aequom</span> <span class='ocrx_word' id='word_1_229' title='bbox 487 3254 528 3306; x_wconf 83' lang='lat' dir='ltr'>uel</span> <span class='ocrx_word' id='word_1_230' title='bbox 551 3271 605 3307; x_wconf 89' lang='lat' dir='ltr'>non</span> <span class='ocrx_word' id='word_1_231' title='bbox 632 3268 751 3321; x_wconf 83' lang='lat' dir='ltr'>aequom</span> <span class='ocrx_word' id='word_1_232' title='bbox 774 3250 858 3305; x_wconf 86' lang='lat' dir='ltr'>fuisse</span> <span class='ocrx_word' id='word_1_233' title='bbox 882 3251 961 3304; x_wconf 88' lang='lat' dir='ltr'>illum</span> <span class='ocrx_word' id='word_1_234' title='bbox 988 3252 1135 3322; x_wconf 69' lang='lat' dir='ltr'>Seyfferlus</span> <span class='ocrx_word' id='word_1_235' title='bbox 1155 3253 1258 3308; x_wconf 84' lang='lat' dir='ltr'>l&#39;lu&#39;lul.</span> <span class='ocrx_word' id='word_1_236' title='bbox 1277 3255 1330 3307; x_wconf 76' lang='lat' dir='ltr'>sul.</span> <span class='ocrx_word' id='word_1_237' title='bbox 1350 3259 1385 3307; x_wconf 77' lang='lat'>25</span> 
     </span>
     <span class='ocr_line' id='line_1_31' title="bbox 238 3330 1384 3400; baseline 0.001 -17"><span class='ocrx_word' id='word_1_238' title='bbox 238 3335 275 3395; x_wconf 79' lang='lat' dir='ltr'>(u.</span> <span class='ocrx_word' id='word_1_239' title='bbox 295 3337 380 3398; x_wconf 65' lang='lat'><em>1667)</em></span> <span class='ocrx_word' id='word_1_240' title='bbox 395 3350 423 3400; x_wconf 84' lang='lat' dir='ltr'>p.</span> <span class='ocrx_word' id='word_1_241' title='bbox 444 3337 496 3386; x_wconf 74' lang='lat'>445</span> <span class='ocrx_word' id='word_1_242' title='bbox 588 3332 793 3386; x_wconf 82' lang='lat' dir='ltr'>adulescentem</span> <span class='ocrx_word' id='word_1_243' title='bbox 815 3330 845 3381; x_wconf 75' lang='lat' dir='ltr'>Z.</span> <span class='ocrx_word' id='word_1_244' title='bbox 884 3330 1090 3385; x_wconf 84' lang='lat' dir='ltr'>adolescentem</span> <span class='ocrx_word' id='word_1_245' title='bbox 1116 3331 1152 3383; x_wconf 86' lang='lat' dir='ltr'>F.</span> <span class='ocrx_word' id='word_1_246' title='bbox 1191 3331 1384 3387; x_wconf 69' lang='lat' dir='ltr'>adulescentis</span> 
     </span>
     <span class='ocr_line' id='line_1_32' title="bbox 236 3409 1384 3481; baseline 0.001 -17"><span class='ocrx_word' id='word_1_247' title='bbox 236 3410 326 3464; x_wconf 85' lang='lat' dir='ltr'><em>BCI)</em></span> <span class='ocrx_word' id='word_1_248' title='bbox 417 3418 476 3464; x_wconf 78' lang='lat'>558.</span> <span class='ocrx_word' id='word_1_249' title='bbox 501 3412 642 3481; x_wconf 83' lang='lat' dir='ltr'>illepuscit</span> <span class='ocrx_word' id='word_1_250' title='bbox 661 3412 691 3463; x_wconf 88' lang='lat' dir='ltr'><em>D</em></span> <span class='ocrx_word' id='word_1_251' title='bbox 781 3409 926 3478; x_wconf 81' lang='lat' dir='ltr'>denegarit</span> <span class='ocrx_word' id='word_1_252' title='bbox 945 3412 1099 3464; x_wconf 72' lang='lat' dir='ltr'>Acidulius.</span> <span class='ocrx_word' id='word_1_253' title='bbox 1137 3412 1291 3480; x_wconf 78' lang='lat' dir='ltr'>deneguuit</span> <span class='ocrx_word' id='word_1_254' title='bbox 1318 3413 1384 3467; x_wconf 81' lang='lat' dir='ltr'>libri</span> 
     </span>
     <span class='ocr_line' id='line_1_33' title="bbox 308 3490 1384 3546; baseline 0.003 -4"><span class='ocrx_word' id='word_1_255' title='bbox 308 3490 405 3545; x_wconf 84' lang='lat' dir='ltr'>durese</span> <span class='ocrx_word' id='word_1_256' title='bbox 424 3491 460 3546; x_wconf 87' lang='lat' dir='ltr'>D.</span> <span class='ocrx_word' id='word_1_257' title='bbox 499 3509 528 3545; x_wconf 90' lang='lat' dir='ltr'>sc</span> <span class='ocrx_word' id='word_1_258' title='bbox 548 3493 613 3545; x_wconf 84' lang='lat' dir='ltr'>dure</span> <span class='ocrx_word' id='word_1_259' title='bbox 634 3491 809 3545; x_wconf 59' lang='lat' dir='ltr'>claruerarius</span> <span class='ocrx_word' id='word_1_260' title='bbox 906 3491 935 3545; x_wconf 86' lang='lat' dir='ltr'>V.</span> <span class='ocrx_word' id='word_1_261' title='bbox 955 3497 1017 3544; x_wconf 74' lang='lat'><em>559.</em></span> <span class='ocrx_word' id='word_1_262' title='bbox 1038 3497 1093 3545; x_wconf 73' lang='lat'>561)</span> <span class='ocrx_word' id='word_1_263' title='bbox 1119 3493 1187 3545; x_wconf 81' lang='lat' dir='ltr'>tales</span> <span class='ocrx_word' id='word_1_264' title='bbox 1209 3492 1299 3545; x_wconf 76' lang='lat' dir='ltr'>edidit</span> <span class='ocrx_word' id='word_1_265' title='bbox 1323 3493 1384 3546; x_wconf 78' lang='lat' dir='ltr'>ltil-</span> 
     </span>
     <span class='ocr_line' id='line_1_34' title="bbox 237 3570 1357 3639; baseline 0 -14"><span class='ocrx_word' id='word_1_266' title='bbox 237 3572 365 3625; x_wconf 73' lang='lat' dir='ltr'>sclaeelius:</span> <span class='ocrx_word' id='word_1_267' title='bbox 386 3572 455 3635; x_wconf 78' lang='lat' dir='ltr'>Quin</span> <span class='ocrx_word' id='word_1_268' title='bbox 475 3572 570 3624; x_wconf 84' lang='lat' dir='ltr'>hercle</span> <span class='ocrx_word' id='word_1_269' title='bbox 590 3589 707 3639; x_wconf 82' lang='lat' dir='ltr'>nequem</span> <span class='ocrx_word' id='word_1_270' title='bbox 731 3570 894 3639; x_wconf 76' lang='lat' dir='ltr'>pustulebat</span> <span class='ocrx_word' id='word_1_271' title='bbox 916 3588 1013 3636; x_wconf 84' lang='lat' dir='ltr'>senex,</span> <span class='ocrx_word' id='word_1_272' title='bbox 1032 3571 1261 3639; x_wconf 77' lang='lat' dir='ltr'>quandoquidem</span> <span class='ocrx_word' id='word_1_273' title='bbox 1280 3571 1357 3625; x_wconf 75' lang='lat' dir='ltr'>filine</span> 
     </span>
     <span class='ocr_line' id='line_1_35' title="bbox 236 3650 1384 3719; baseline 0.001 -14"><span class='ocrx_word' id='word_1_274' title='bbox 236 3654 325 3716; x_wconf 69' lang='lat' dir='ltr'>Quum</span> <span class='ocrx_word' id='word_1_275' title='bbox 349 3651 396 3705; x_wconf 84' lang='lat' dir='ltr'>ille</span> <span class='ocrx_word' id='word_1_276' title='bbox 421 3651 536 3705; x_wconf 80' lang='lat' dir='ltr'>dedcrut</span> <span class='ocrx_word' id='word_1_277' title='bbox 559 3652 667 3716; x_wconf 84' lang='lat' dir='ltr'>dotem,</span> <span class='ocrx_word' id='word_1_278' title='bbox 692 3651 819 3719; x_wconf 78' lang='lat' dir='ltr'>accipere</span> <span class='ocrx_word' id='word_1_279' title='bbox 843 3667 905 3704; x_wconf 89' lang='lat' dir='ltr'>eum</span> <span class='ocrx_word' id='word_1_280' title='bbox 930 3650 1019 3704; x_wconf 90' lang='lat' dir='ltr'>uoluit</span> <span class='ocrx_word' id='word_1_281' title='bbox 1043 3668 1092 3719; x_wconf 86' lang='lat' dir='ltr'>pro</span> <span class='ocrx_word' id='word_1_282' title='bbox 1113 3650 1232 3704; x_wconf 81' lang='lat' dir='ltr'>tibicine.</span> <span class='ocrx_word' id='word_1_283' title='bbox 1325 3659 1384 3706; x_wconf 73' lang='lat'>559.</span> 
     </span>
     <span class='ocr_line' id='line_1_36' title="bbox 237 3729 1384 3800; baseline 0.003 -19"><span class='ocrx_word' id='word_1_284' title='bbox 237 3731 335 3785; x_wconf 86' lang='lat' dir='ltr'>Hercle</span> <span class='ocrx_word' id='word_1_285' title='bbox 358 3731 406 3798; x_wconf 89' lang='lat' dir='ltr'>qui</span> <span class='ocrx_word' id='word_1_286' title='bbox 435 3749 552 3799; x_wconf 79' lang='lat' dir='ltr'>aequom</span> <span class='ocrx_word' id='word_1_287' title='bbox 573 3732 765 3786; x_wconf 76' lang='lat' dir='ltr'>Fleckeiscnus</span> <span class='ocrx_word' id='word_1_288' title='bbox 783 3730 863 3783; x_wconf 82' lang='lat' dir='ltr'>Misc.</span> <span class='ocrx_word' id='word_1_289' title='bbox 884 3730 942 3784; x_wconf 75' lang='lat' dir='ltr'>uir.</span> <span class='ocrx_word' id='word_1_290' title='bbox 958 3747 988 3798; x_wconf 81' lang='lat' dir='ltr'>p.</span> <span class='ocrx_word' id='word_1_291' title='bbox 1008 3736 1054 3784; x_wconf 71' lang='lat'>29.</span> <span class='ocrx_word' id='word_1_292' title='bbox 1092 3729 1185 3784; x_wconf 86' lang='lat' dir='ltr'>hercle</span> <span class='ocrx_word' id='word_1_293' title='bbox 1209 3731 1276 3798; x_wconf 80' lang='lat' dir='ltr'>quia</span> <span class='ocrx_word' id='word_1_294' title='bbox 1302 3748 1384 3800; x_wconf 83' lang='lat' dir='ltr'>equm</span> 
     </span>
     <span class='ocr_line' id='line_1_37' title="bbox 235 3809 1386 3879; baseline 0.003 -16"><span class='ocrx_word' id='word_1_295' title='bbox 235 3811 269 3865; x_wconf 88' lang='lat' dir='ltr'>B.</span> <span class='ocrx_word' id='word_1_296' title='bbox 308 3812 407 3864; x_wconf 86' lang='lat' dir='ltr'>llerclc</span> <span class='ocrx_word' id='word_1_297' title='bbox 434 3813 499 3879; x_wconf 86' lang='lat' dir='ltr'>quiu</span> <span class='ocrx_word' id='word_1_298' title='bbox 523 3829 624 3879; x_wconf 84' lang='lat' dir='ltr'>equum</span> <span class='ocrx_word' id='word_1_299' title='bbox 646 3812 674 3866; x_wconf 81' lang='lat'>0.</span> <span class='ocrx_word' id='word_1_300' title='bbox 712 3811 811 3864; x_wconf 89' lang='lat' dir='ltr'>Herclc</span> <span class='ocrx_word' id='word_1_301' title='bbox 831 3810 897 3877; x_wconf 86' lang='lat' dir='ltr'>quia</span> <span class='ocrx_word' id='word_1_302' title='bbox 916 3826 1035 3876; x_wconf 83' lang='lat' dir='ltr'>aequum</span> <span class='ocrx_word' id='word_1_303' title='bbox 1053 3809 1153 3864; x_wconf 65' lang='grc' dir='ltr'><em>ΒΕΖ.</em></span> <span class='ocrx_word' id='word_1_304' title='bbox 1192 3810 1265 3875; x_wconf 84' lang='lat' dir='ltr'>Quin</span> <span class='ocrx_word' id='word_1_305' title='bbox 1290 3812 1386 3866; x_wconf 83' lang='lat' dir='ltr'>hercle</span> 
     </span>
     <span class='ocr_line' id='line_1_38' title="bbox 236 3889 1386 3961; baseline 0.001 -16"><span class='ocrx_word' id='word_1_306' title='bbox 236 3907 353 3958; x_wconf 82' lang='lat' dir='ltr'>aequom</span> <span class='ocrx_word' id='word_1_307' title='bbox 368 3892 493 3945; x_wconf 72' lang='lat' dir='ltr'>Bolliius.</span> <span class='ocrx_word' id='word_1_308' title='bbox 528 3892 627 3945; x_wconf 87' lang='lat' dir='ltr'>Hercle</span> <span class='ocrx_word' id='word_1_309' title='bbox 642 3892 709 3958; x_wconf 88' lang='lat' dir='ltr'>quin</span> <span class='ocrx_word' id='word_1_310' title='bbox 723 3908 764 3945; x_wconf 82' lang='lat' dir='ltr'>ue.</span> <span class='ocrx_word' id='word_1_311' title='bbox 779 3892 932 3944; x_wconf 76' lang='lat' dir='ltr'>Acidulius.</span> <span class='ocrx_word' id='word_1_312' title='bbox 966 3889 1066 3943; x_wconf 85' lang='lat' dir='ltr'>Hercle</span> <span class='ocrx_word' id='word_1_313' title='bbox 1081 3889 1193 3958; x_wconf 85' lang='lat' dir='ltr'>quidem</span> <span class='ocrx_word' id='word_1_314' title='bbox 1209 3907 1252 3944; x_wconf 84' lang='lat' dir='ltr'>ee.</span> <span class='ocrx_word' id='word_1_315' title='bbox 1267 3891 1386 3961; x_wconf 68' lang='lat' dir='ltr'>Speuqe-</span> 
     </span>
     <span class='ocr_line' id='line_1_39' title="bbox 235 3968 1396 4042; baseline -0.003 -16"><span class='ocrx_word' id='word_1_316' title='bbox 235 3975 289 4027; x_wconf 83' lang='lat' dir='ltr'>lius</span> <span class='ocrx_word' id='word_1_317' title='bbox 306 3976 398 4029; x_wconf 84' lang='lat' dir='ltr'>Pluul.</span> <span class='ocrx_word' id='word_1_318' title='bbox 412 3979 488 4042; x_wconf 64' lang='grc' dir='ltr'>ΜΤ</span> <span class='ocrx_word' id='word_1_319' title='bbox 551 3971 729 4027; x_wconf 85' lang='lat' dir='ltr'>illesenexD</span> <span class='ocrx_word' id='word_1_320' title='bbox 792 3968 1018 4038; x_wconf 81' lang='lat' dir='ltr'>quandoquidem</span> <span class='ocrx_word' id='word_1_321' title='bbox 1029 3969 1089 4023; x_wconf 67' lang='lat' dir='ltr'>Fu</span> <span class='ocrx_word' id='word_1_322' title='bbox 1152 3970 1396 4042; x_wconf 55' lang='lat' dir='ltr'>becumen„</span> 
     </span>
     <span class='ocr_line' id='line_1_40' title="bbox 236 4049 1387 4122; baseline 0.003 -20"><span class='ocrx_word' id='word_1_323' title='bbox 236 4050 282 4106; x_wconf 90' lang='lat' dir='ltr'>ille</span> <span class='ocrx_word' id='word_1_324' title='bbox 304 4055 375 4107; x_wconf 83' lang='lat' dir='ltr'>Pius</span> <span class='ocrx_word' id='word_1_325' title='bbox 447 4071 496 4122; x_wconf 84' lang='lat' dir='ltr'>pro</span> <span class='ocrx_word' id='word_1_326' title='bbox 513 4059 664 4122; x_wconf 73' lang='lat' dir='ltr'>srespcctum</span> <span class='ocrx_word' id='word_1_327' title='bbox 736 4051 824 4104; x_wconf 79' lang='lat' dir='ltr'>Verba</span> <span class='ocrx_word' id='word_1_328' title='bbox 843 4052 948 4105; x_wconf 82' lang='lat' dir='ltr'>tradita</span> <span class='ocrx_word' id='word_1_329' title='bbox 972 4050 1093 4116; x_wconf 77' lang='lat' dir='ltr'>defendit</span> <span class='ocrx_word' id='word_1_330' title='bbox 1112 4049 1262 4118; x_wconf 70' lang='lat' dir='ltr'>Seyffertus</span> <span class='ocrx_word' id='word_1_331' title='bbox 1282 4051 1387 4105; x_wconf 77' lang='lat' dir='ltr'>Philel.</span> 
     </span>
     <span class='ocr_line' id='line_1_41' title="bbox 235 4130 1388 4201; baseline 0.003 -19"><span class='ocrx_word' id='word_1_332' title='bbox 235 4133 285 4183; x_wconf 83' lang='lat' dir='ltr'>eol.</span> <span class='ocrx_word' id='word_1_333' title='bbox 301 4138 339 4185; x_wconf 72' lang='lat'>25</span> <span class='ocrx_word' id='word_1_334' title='bbox 358 4138 395 4194; x_wconf 75' lang='lat' dir='ltr'>(a.</span> <span class='ocrx_word' id='word_1_335' title='bbox 411 4139 496 4199; x_wconf 57' lang='lat'><em>1⁸67)</em></span> <span class='ocrx_word' id='word_1_336' title='bbox 511 4151 540 4201; x_wconf 81' lang='lat' dir='ltr'>p.</span> <span class='ocrx_word' id='word_1_337' title='bbox 561 4137 615 4185; x_wconf 71' lang='lat' dir='ltr'>dle·</span> <span class='ocrx_word' id='word_1_338' title='bbox 634 4138 657 4185; x_wconf 82' lang='lat' dir='ltr'>cl</span> <span class='ocrx_word' id='word_1_339' title='bbox 673 4132 832 4201; x_wconf 62' lang='lat' dir='ltr'>tlicuyelius</span> <span class='ocrx_word' id='word_1_340' title='bbox 848 4132 943 4186; x_wconf 85' lang='lat' dir='ltr'>Pleul.</span> <span class='ocrx_word' id='word_1_341' title='bbox 963 4147 991 4198; x_wconf 84' lang='lat' dir='ltr'>p.</span> <span class='ocrx_word' id='word_1_342' title='bbox 1006 4135 1055 4184; x_wconf 85' lang='lat'>77:</span> <span class='ocrx_word' id='word_1_343' title='bbox 1074 4130 1109 4195; x_wconf 73' lang='lat' dir='ltr'>cf.</span> <span class='ocrx_word' id='word_1_344' title='bbox 1130 4130 1286 4183; x_wconf 84' lang='lat' dir='ltr'>Muellerus</span> <span class='ocrx_word' id='word_1_345' title='bbox 1308 4132 1388 4186; x_wconf 64' lang='lat' dir='ltr'>Pru«.</span> 
     </span>
     <span class='ocr_line' id='line_1_42' title="bbox 236 4208 1387 4279; baseline 0.001 -17"><span class='ocrx_word' id='word_1_346' title='bbox 236 4210 279 4262; x_wconf 92' lang='lat' dir='ltr'>Pl.</span> <span class='ocrx_word' id='word_1_347' title='bbox 295 4229 325 4278; x_wconf 78' lang='lat' dir='ltr'>p.</span> <span class='ocrx_word' id='word_1_348' title='bbox 347 4216 400 4265; x_wconf 65' lang='lat'>142</span> <span class='ocrx_word' id='word_1_349' title='bbox 478 4221 537 4268; x_wconf 72' lang='lat'>561.</span> <span class='ocrx_word' id='word_1_350' title='bbox 556 4212 650 4266; x_wconf 84' lang='lat' dir='ltr'>hercle</span> <span class='ocrx_word' id='word_1_351' title='bbox 670 4212 736 4279; x_wconf 82' lang='lat' dir='ltr'>quie</span> <span class='ocrx_word' id='word_1_352' title='bbox 755 4228 837 4278; x_wconf 88' lang='lat' dir='ltr'>equm</span> <span class='ocrx_word' id='word_1_353' title='bbox 854 4211 904 4264; x_wconf 89' lang='lat' dir='ltr'>ille</span> <span class='ocrx_word' id='word_1_354' title='bbox 923 4211 950 4261; x_wconf 86' lang='lat' dir='ltr'><em>B</em></span> <span class='ocrx_word' id='word_1_355' title='bbox 1027 4210 1101 4264; x_wconf 85' lang='lat' dir='ltr'>certe</span> <span class='ocrx_word' id='word_1_356' title='bbox 1122 4209 1148 4261; x_wconf 82' lang='lat' dir='ltr'><em>Z</em></span> <span class='ocrx_word' id='word_1_357' title='bbox 1219 4208 1387 4265; x_wconf 78' lang='lat' dir='ltr'>adolescens</span> 
     </span>
    </p>
   </div>
   <div class='ocr_carea' id='block_1_11' title="bbox 234 4305 1385 4538">
    <p class='ocr_par' dir='ltr' id='par_1_11' title="bbox 234 4305 1385 4538">
     <span class='ocr_line' id='line_1_43' title="bbox 234 4305 1385 4373; baseline -0.002 -11"><span class='ocrx_word' id='word_1_358' title='bbox 234 4307 330 4362; x_wconf 68' lang='grc' dir='ltr'>ΒΓΖ</span> <span class='ocrx_word' id='word_1_359' title='bbox 401 4312 527 4363; x_wconf 87' lang='lat' dir='ltr'>uersutus</span> <span class='ocrx_word' id='word_1_360' title='bbox 558 4312 588 4363; x_wconf 86' lang='lat' dir='ltr'><em>F</em></span> <span class='ocrx_word' id='word_1_361' title='bbox 675 4310 731 4363; x_wconf 89' lang='lat' dir='ltr'>suit</span> <span class='ocrx_word' id='word_1_362' title='bbox 759 4311 781 4363; x_wconf 79' lang='lat'><em>0</em></span> <span class='ocrx_word' id='word_1_363' title='bbox 874 4314 933 4364; x_wconf 73' lang='lat'>562.</span> <span class='ocrx_word' id='word_1_364' title='bbox 963 4306 1017 4370; x_wconf 84' lang='lat' dir='ltr'>Qui</span> <span class='ocrx_word' id='word_1_365' title='bbox 1036 4306 1095 4360; x_wconf 87' lang='lat' dir='ltr'>seni</span> <span class='ocrx_word' id='word_1_366' title='bbox 1113 4305 1183 4360; x_wconf 85' lang='lat' dir='ltr'>BF.</span> <span class='ocrx_word' id='word_1_367' title='bbox 1221 4307 1285 4373; x_wconf 88' lang='lat' dir='ltr'>quis</span> <span class='ocrx_word' id='word_1_368' title='bbox 1311 4309 1385 4360; x_wconf 85' lang='lat' dir='ltr'>enim</span> 
     </span>
     <span class='ocr_line' id='line_1_44' title="bbox 237 4385 1385 4457; baseline 0.003 -17"><span class='ocrx_word' id='word_1_369' title='bbox 237 4387 324 4440; x_wconf 63' lang='grc' dir='ltr'>ΕΒΖ</span> <span class='ocrx_word' id='word_1_370' title='bbox 415 4395 473 4442; x_wconf 75' lang='grc'>563.</span> <span class='ocrx_word' id='word_1_371' title='bbox 499 4393 596 4457; x_wconf 84' lang='lat' dir='ltr'>poscet</span> <span class='ocrx_word' id='word_1_372' title='bbox 616 4390 710 4443; x_wconf 70' lang='grc' dir='ltr'>ΗΜ</span> <span class='ocrx_word' id='word_1_373' title='bbox 798 4386 897 4441; x_wconf 88' lang='lat' dir='ltr'>dec-ibo</span> <span class='ocrx_word' id='word_1_374' title='bbox 921 4385 1010 4454; x_wconf 67' lang='grc' dir='ltr'>ΒΘΖ)</span> <span class='ocrx_word' id='word_1_375' title='bbox 1100 4393 1161 4440; x_wconf 76' lang='grc'>564.</span> <span class='ocrx_word' id='word_1_376' title='bbox 1185 4387 1293 4453; x_wconf 87' lang='lat' dir='ltr'>nequid</span> <span class='ocrx_word' id='word_1_377' title='bbox 1321 4390 1385 4443; x_wconf 75' lang='lat'><em>01).</em></span> 
     </span>
     <span class='ocr_line' id='line_1_45' title="bbox 234 4466 1313 4538; baseline -0.001 -17"><span class='ocrx_word' id='word_1_378' title='bbox 234 4466 361 4535; x_wconf 82' lang='lat' dir='ltr'>nequiuit</span> <span class='ocrx_word' id='word_1_379' title='bbox 381 4468 405 4517; x_wconf 77' lang='grc' dir='ltr'><em>Ζ</em></span> <span class='ocrx_word' id='word_1_380' title='bbox 494 4477 553 4524; x_wconf 72' lang='lat'>565.</span> <span class='ocrx_word' id='word_1_381' title='bbox 574 4471 652 4537; x_wconf 63' lang='grc' dir='ltr'><em>δραι.</em></span> <span class='ocrx_word' id='word_1_382' title='bbox 667 4470 807 4538; x_wconf 74' lang='lat' dir='ltr'>praecedit</span> <span class='ocrx_word' id='word_1_383' title='bbox 826 4471 857 4522; x_wconf 88' lang='lat' dir='ltr'>iu</span> <span class='ocrx_word' id='word_1_384' title='bbox 876 4467 905 4520; x_wconf 88' lang='lat' dir='ltr'><strong><em>D</em></strong></span> <span class='ocrx_word' id='word_1_385' title='bbox 977 4468 1050 4522; x_wconf 80' lang='lat' dir='ltr'>Aule</span> <span class='ocrx_word' id='word_1_386' title='bbox 1072 4467 1142 4520; x_wconf 79' lang='lat' dir='ltr'>lacis</span> <span class='ocrx_word' id='word_1_387' title='bbox 1160 4472 1232 4536; x_wconf 76' lang='lat' dir='ltr'>spat.</span> <span class='ocrx_word' id='word_1_388' title='bbox 1254 4466 1313 4520; x_wconf 79' lang='lat'>01)</span> 
     </span>
    </p>
   </div>
   <div class='ocr_carea' id='block_1_12' title="bbox 0 0 1470 5452">
    <p class='ocr_par' dir='ltr' id='par_1_12' title="bbox 0 0 1470 5452">
     <span class='ocr_line' id='line_1_46' title="bbox 0 0 1470 5452; baseline 0 3"><span class='ocrx_word' id='word_1_389' title='bbox 0 0 1470 5452; x_wconf 95' lang='lat' dir='ltr'> </span> 
     </span>
    </p>
   </div>
  </div>
 </body>
</html>
