2932 5452
575 766 781 820 PRAEFATIO
1187 767 1250 821 Xlll

103 940 327 1026 Requiruntur
349 943 435 1007 enim
463 947 616 1026 quattuor
643 945 835 1030 paginarum
859 898 1048 1010 versus⁰sex
1070 950 1103 1010 et
1125 949 1251 1029 septua-

104 1056 211 1141 ginta:
238 1056 401 1123 habentur
422 1058 518 1124 hodie
541 1064 664 1145 septem
688 1061 820 1144 senarii,
847 1062 983 1126 duorum
1007 1083 1156 1126 versuum
1180 1082 1250 1145 spa·

103 1171 259 1237 tia.inter
280 1176 372 1239 actus
394 1174 483 1239 tertii
504 1195 637 1239 scaenas
660 1190 686 1237 11
710 1179 743 1239 et
764 1191 819 1260 111,
841 1180 874 1241 et
900 1176 1056 1241 trochaici
1078 1176 1251 1259 septenarii

31 1338 34 1343 .
104 1287 343 1373 quinquaginta
365 1287 541 1376 septem*):
568 1312 645 1354 nam
668 1312 735 1355 non
757 1291 857 1355 tuisse
880 1292 915 1355 in
937 1291 1154 1357 Ambrosiano
1177 1291 1250 1356 illos

104 1403 257 1489 scriptos,
279 1425 360 1489 quos
382 1405 522 1489 propriis
545 1405 608 1470 sibi
628 1407 733 1471 turbis
756 1412 831 1492 post
853 1429 882 1472 v.
907 1407 971 1471 704
993 1411 1027 1471 et
1048 1430 1078 1472 v.
1103 1407 1167 1472 705
1190 1386 1251 1472 soli

10 1508 12 1563 Ϊ
103 1518 246 1584 Palatini
268 1541 384 1584 novem
408 1521 606 1605 septenarios
631 1518 830 1606 (osu-uus
853 1525 885 1585 et
908 1520 1108 1607 camuel)
1130 1522 1251 1586 iterant

104 1656 237 1719 prorsus
260 1639 388 1720 praeter
409 1636 583 1721 rationem,
605 1637 684 1701 satis
703 1637 878 1701 existimari
897 1659 936 1701 ex
960 1638 1005 1702 eis
1027 1637 1148 1721 poterit
1171 1658 1252 1720 quae

103 1750 170 1815 iam
195 1749 361 1836 Parergon
389 1775 419 1836 p.
443 1751 507 1816 529
532 1774 600 1837 sqq.
627 1752 871 1836 disputavimus.
905 1750 1121 1836 Superstitum
1153 1752 1252 1838 igitur

104 1886 254 1931 versuum
282 1888 436 1932 numerus
464 1888 537 1932 cum
565 1868 608 1931 sit
636 1868 805 1953 sexaginta
828 1890 896 1952 sex,
919 1890 937 1931 e
961 1885 1033 1931 nvn
1056 1871 1164 1932 autem
1187 1872 1251 1932 tro-

10 2052 14 2069 ,
104 1980 225 2047 chalcis
248 1981 424 2047 secundum
443 2003 528 2066 eam,
550 2003 648 2066 quam
665 1983 700 2046 in
718 1982 780 2047 hoc
798 2003 917 2068 genere
936 1983 1081 2048 obtinere
1104 2005 1252 2049 normam

10 2074 12 2135 s
105 2096 257 2180 vidimus,
284 2096 435 2162 credibile
463 2098 505 2162 sit
523 2097 674 2182 quinque
702 2099 752 2162 vel
780 2120 835 2163 sex
861 2100 961 2163 fuisse
989 2098 1074 2163 binis
1107 2084 1252 2163 versibus

104 2211 278 2298 dispestos,
300 2212 410 2278 deesse
433 2235 544 2278 versus
567 2212 693 2277 circiter
716 2216 869 2296 quattuor
892 2214 1107 2298 consequitur.
1131 2213 1250 2289 Quodsi

10 2318 20 2365 l'
104 2314 320 2393 demonstrari
351 2350 429 2393 sane
460 2329 574 2413 nequit
604 2328 673 2392 fieri
702 2351 768 2393 non
796 2330 1004 2413 potuissent
1037 2333 1094 2392 aut
1124 2332 1252 2412 praeter

100 2462 253 2509 normam
280 2443 409 2508 deciens
435 2444 471 2508 in
495 2462 566 2508 nvn
595 2444 785 2528 septenariis
814 2444 1021 2528 divideretur,
1049 2448 1106 2507 aut
1128 2444 1252 2528 aliquot

10 2544 14 2567 ³
100 2579 215 2623 versus
239 2580 296 2644 per
319 2580 458 2624 errorem
482 2558 532 2623 bis
552 2559 779 2624 scriberentur:
802 2560 1097 2624 tanienfatendum
1117 2564 1250 2624 estnon

18 2724 28 2733 ,
92 2675 217 2739 eodem
245 2673 341 2739 modo
368 2675 436 2738 iure
464 2678 618 2758 quattuor
641 2675 679 2739 in
706 2674 922 2740 Ambrosiano
950 2675 1032 2739 libro
1061 2697 1171 2739 versus
1200 2697 1250 2738 ex·

89 2789 225 2855 stitisse
257 2789 343 2853 credi
375 2789 430 2872 qui
466 2790 501 2853 in
533 2791 764 2855 recentioribus
796 2790 887 2853 libris
919 2789 1108 2873 exciderint,
1140 2811 1250 2853 verum

80 2906 196 2970 tanto
225 2904 324 2968 etiam
351 2905 472 2970 maiore
504 2905 586 2988 iure,
613 2909 734 2989 quanto
763 2906 895 2990 propius
922 2906 963 2969 ad
990 2905 1250 2988 probabilitatem

77 3019 270 3103 accedere,
296 3020 351 3103 qui
378 3041 417 3084 ex
444 3020 572 3085 usitatis
600 3024 633 3084 et
660 3021 826 3105 legitimis,
859 3043 955 3104 quam
983 3021 1037 3103 qui
1066 3041 1082 3083 e
1110 3020 1191 3083 raris
1219 3024 1252 3084 et

72 3133 325 3220 singularibus
366 3139 622 3221 argumentatur,
658 3137 772 3201 merito
810 3136 1026 3199 existimatur:
1062 3136 1250 3219 praesertim

66 3270 176 3316 eum
203 3251 279 3315 aliis
305 3249 384 3315 locis
412 3250 553 3315 eiusdem
581 3250 710 3315 fabulae
738 3274 777 3315 ex
804 3251 1028 3316 Ambrosiams
1056 3251 1251 3314 membranis

60 3383 217 3451 reapse
241 3366 360 3451 integri
384 3387 494 3431 versus
519 3366 698 3449 prodierint
720 3367 754 3430 in
778 3366 891 3430 ceteris
915 3365 1077 3430 codicibus
1101 3367 1250 3431 omnibus

57 3482 217 3566 elapsi,
238 3480 313 3545 409.
338 3482 411 3545 746.
436 3482 508 3545 769.
531 3480 584 3546 Ad
607 3503 766 3546 summam
789 3485 896 3546 autem
920 3481 986 3545 veri
1010 3482 1251 3547 similitudinem

52 3595 317 3675 probabilitas
345 3596 527 3680 adducitur,
554 3597 581 3660 si
609 3597 643 3660 in
670 3597 727 3661 illa
754 3597 824 3681 ipsa
851 3600 942 3680 parte
969 3598 1098 3661 fabulae
1131 3597 1251 3680 aliquid

52 3706 280 3777 desiderari
308 3712 348 3776 ad
377 3712 571 3776 sententiam
595 3713 789 3796 apparuerit.
812 3711 892 3792 Eius
921 3712 1007 3776 modi
1031 3712 1182 3796 quiddam
1206 3713 1251 3777 ibi

52 3818 278 3912 indagasse
302 3827 362 3891 sibi
376 3827 464 3890 visus
488 3831 558 3891 erat
571 3827 741 3892 Eduardus
756 3827 895 3891 Meierus
913 3832 1033 3909 noster,
1051 3831 1125 3910 post
1144 3851 1172 3890 v.
1188 3827 1251 3890 724

54 3954 206 4007 unum
236 3947 269 4006 et
295 3943 432 4006 alterum
459 3964 600 4026 versum,
628 3965 691 4026 quo
719 3943 874 4007 transitus
903 3942 943 4005 ad
973 3940 1037 4005 725
1064 3941 1252 4021 muniretur,

54 4047 307 4123 intercidisse
330 4057 530 4143 significans,
553 4080 620 4123 non
644 4059 806 4142 explicans
830 4054 946 4140 Opusc.
970 4055 1057 4119 acad.
1076 4054 1108 4117 ll
1132 4077 1162 4138 p.
1177 4054 1250 4117 329.

57 4158 156 4238 De
188 4195 252 4257 quo
280 4173 375 4238 nobis
407 4195 480 4238 cum
506 4173 562 4238 illo
590 4195 658 4237 non
685 4173 849 4255 convenit,
882 4172 936 4254 qui
964 4171 998 4234 in
1025 4169 1095 4233 istis
1124 4168 1251 4253 quidem

183 4419 210 4486 Ιὓ)
228 4417 285 4472 Vel
301 4417 418 4473 fortasse
437 4435 485 4472 sex
503 4421 533 4472 ct
549 4418 756 4487 quinquaginta
772 4419 893 4481 tantum,
912 4416 934 4467 si
953 4429 1033 4467 versu
1052 4419 1101 4467 672
1119 4413 1187 4480 (Ille
1203 4415 1252 4481 qui

87 4505 217 4573 omna
236 4505 291 4571 ...)
313 4503 514 4557 Ambrosianus
537 4503 664 4556 carebat:
689 4501 717 4554 id
736 4501 811 4569 quod
834 4518 898 4553 cum
916 4499 979 4552 sciri
997 4500 1096 4566 nequit
1112 4501 1172 4551 tum
1191 4498 1252 4551 nul-

10 4574 12 4579 *
91 4576 160 4643 lius
176 4588 213 4643 ad
238 4589 279 4642 rei
297 4605 434 4641 summam
452 4588 588 4641 momenti
611 4589 661 4641 est.
680 4587 783 4640 Contra
800 4585 835 4638 de
854 4604 880 4639 v.
899 4589 956 4638 707.
974 4589 1024 4638 708
1046 4584 1175 4637 dubitare
1194 4584 1251 4638 noli

106 4674 174 4737 quin
197 4676 229 4728 et
251 4673 439 4742 antiquissimi
462 4674 530 4739 sint,
549 4689 719 4741 quamquam
739 4668 793 4724 non
813 4669 948 4736 Plautini,
967 4671 997 4723 et
1014 4669 1049 4722 ab
1068 4670 1251 4723 Ambrosiuno

37 4788 40 4795 ·
108 4760 223 4815 minime
242 4759 336 4814 alieni.

999 4858 1039 4913 bt
