2934 5048
631 320 836 379 PRAEFATIO
1265 323 1302 377 IX

163 483 253 550 libris
276 485 341 551 soli
366 488 546 570 supersunt.
593 485 716 562 Quibus
739 485 794 569 qui
817 486 916 571 vulgo
940 487 1193 570 praemittuntur
1216 506 1301 552 xxm

163 613 271 657 versus
294 594 390 678 longe
413 593 622 678 ineptissimi,
646 593 675 658 ei
698 594 837 677 primum
862 598 919 658 aut
941 594 976 657 in
998 593 1049 658 Pii
1073 594 1214 659 editione
1237 594 1302 659 Me

161 699 339 765 diolanensi
369 700 571 785 prodierunt,
603 705 640 765 ut
667 701 855 784 suspicabar
886 702 920 765 in
952 702 1223 766 commentatione
1251 700 1302 766 ‘de

161 808 233 872 crisi
261 806 425 872 Plautina'
452 830 482 892 p.
506 808 572 872 200
600 809 656 889 [=
676 807 792 892 Opusc.
819 809 881 873 rol.
905 808 936 871 II
964 831 995 892 p.
1019 808 1090 890 56],
1118 812 1175 873 aut
1202 808 1235 872 in
1263 829 1301 874 eo

162 915 307 999 exemplo
327 914 412 999 quod
430 937 564 980 numero
580 915 601 980 5
616 915 781 1000 signatum
800 915 918 979 ibidem
938 915 1093 998 descripsi
1111 939 1142 1000 p.
1159 916 1222 981 189
1233 936 1302 1000 sqq.

163 1025 216 1104 [=
232 1021 349 1108 Opusc.
370 1022 432 1086 vol.
450 1021 482 1085 II
504 1045 534 1106 p.
554 1023 611 1087 44:
635 1022 709 1105 hoc,
732 1044 798 1086 non
822 1022 914 1106 illud,
938 1045 1048 1087 verum
1068 1044 1137 1087 esse
1155 1022 1302 1087 Ritsche·

161 1130 223 1195 lius
246 1153 276 1215 p.
295 1130 338 1195 48
362 1130 431 1212 ipse
455 1128 591 1209 docuit]:
613 1129 729 1213 inquo
750 1128 812 1192 etsi
831 1130 893 1214 illi,
917 1130 1002 1214 quod
1022 1133 1090 1194 tum
1109 1129 1304 1214 nesciebam,

161 1238 312 1322 leguntur
339 1258 430 1319 sane,
458 1240 567 1300 tamen
591 1235 630 1299 de
657 1240 802 1318 tempore
831 1236 1001 1320 quicquam
1029 1236 1154 1300 definiri
1181 1237 1302 1321 nequit.

160 1341 227 1409 Nec
255 1345 372 1408 mirum
400 1343 520 1409 novicii
549 1342 767 1428 supplementi
796 1344 893 1408 etiam
917 1344 1042 1408 codices
1067 1343 1223 1428 quosdam
1246 1366 1301 1409 no·

161 1452 258 1517 ricios
281 1451 458 1535 participes
481 1472 565 1516 esse:
592 1473 670 1515 nam
698 1474 764 1516 non
793 1452 826 1516 in
849 1451 1000 1536 Longolii
1027 1454 1154 1514 tantum
1182 1449 1302 1515 ‘codice

161 1557 319 1624 Romano'
348 1558 427 1622 illud
459 1562 624 1641 repertum
654 1562 716 1642 est,
748 1564 785 1623 ut
812 1560 833 1622 I.
857 1582 881 1622 s.
905 1580 930 1622 s.
958 1580 987 1642 p.
1014 1558 1075 1621 167
1107 1558 1162 1637 [=
1186 1557 1302 1640 Opuse.

162 1667 221 1730 vol.
245 1666 277 1729 II
311 1689 341 1749 p.
372 1667 427 1746 17]
461 1665 540 1730 dixi:
573 1667 629 1750 qui
662 1664 785 1730 ‘codex’
814 1666 954 1730 dubitari
983 1669 1091 1749 potest
1122 1664 1302 1748 scriptusne

161 1773 239 1837 liber
268 1795 309 1837 an
336 1773 513 1856 impressus
542 1773 801 1856 interpretandus
831 1773 885 1837 sit:
919 1771 975 1837 sed
1008 1776 1114 1836 exstat
1142 1772 1241 1835 etiam
1268 1772 1302 1834 in

160 1879 346 1945 Florentino
366 1878 405 1944 U.
441 1879 628 1964 Eodemque
651 1885 777 1964 spectat
801 1880 885 1965 quod
908 1880 941 1943 in
961 1878 1150 1943 Florentino
1171 1877 1197 1965 (ξ
1222 1878 1302 1943 duae

160 1987 297 2071 paginae
321 1987 369 2050 ita
392 1989 469 2051 sunt
491 2008 610 2051 vacuae
633 1988 778 2071 relictae,
806 1992 843 2052 ut
870 1987 904 2050 in
932 1988 995 2051 fine
1019 1985 1147 2050 demum
1171 1986 1302 2051 alterius

160 2095 222 2159 duo
245 2115 358 2158 versus
381 2094 431 2159 illi
455 2116 528 2158 vere
543 2093 686 2160 Plautini
706 2095 819 2178 scripti
839 2095 918 2178 sint,
942 2094 992 2158 his
1012 2097 1120 2158 autem
1140 2092 1302 2176 adscripta

159 2203 193 2267 in
226 2203 373 2288 margine
406 2198 570 2266 Ciceronis
603 2201 643 2266 ad
677 2201 776 2266 famil.
805 2201 850 2265 IX
876 2203 917 2266 16
950 2201 1094 2266 narratio
1128 2200 1166 2263 de
1199 2197 1303 2264 Servii

161 2307 266 2374 Clodii
290 2308 407 2373 iudicio
433 2306 600 2374 Plautino'.

248 2415 507 2480 Personarum
531 2415 687 2480 nomina
709 2416 742 2478 in
763 2414 871 2479 codice
891 2413 1032 2478 Vetere
1051 2415 1085 2478 in
1104 2414 1219 2478 mediis
1239 2436 1302 2478 ser·

160 2523 308 2589 monibus
327 2523 486 2607 perhanc
506 2522 648 2587 fabulam
669 2521 734 2586 fere
749 2525 935 2587 constanter
954 2521 1091 2606 singulis
1106 2525 1233 2586 tantum
1252 2523 1303 2587 lit-

160 2633 237 2696 teris
264 2635 432 2713 notantur,
460 2635 497 2694 ut
519 2630 545 2694 P
573 2631 616 2694 alt
638 2653 697 2714 pro
722 2629 893 2712 Pseudolo,
921 2651 987 2694 non
1011 2625 1081 2712 PS,
1110 2626 1137 2690 B
1160 2651 1219 2712 pro
1243 2626 1303 2694 Bal

160 2739 253 2820 lione,
272 2760 337 2801 non
357 2737 424 2802 BA.
444 2738 495 2801 rel
511 2738 613 2820 BAL,
633 2736 657 2801 C
673 2760 730 2820 pro
746 2735 906 2817 Calidoro,
926 2735 947 2800 S
966 2758 1025 2818 pro
1041 2734 1179 2819 Simone,
1199 2734 1224 2798 C
1243 2758 1302 2820 pro

161 2843 366 2929 Calliphone,
389 2844 421 2907 H
445 2867 503 2928 pro
527 2844 689 2927 Harpace,
714 2842 770 2908 CH
796 2866 854 2927 pro
879 2842 1036 2922 Clrarin0,
1061 2842 1085 2908 O
1110 2865 1168 2926 pro
1192 2864 1304 2927 coquo,

161 2951 182 3016 S
206 2975 264 3037 pro
289 2951 392 3016 Simia
416 2953 467 3015 vel
491 2953 599 3035 potius
624 2949 844 3035 Sycophanta,
873 2955 905 3014 et
932 2951 1037 3015 colore
1061 2951 1180 3034 partim
1204 2951 1303 3015 rubro

160 3062 277 3142 partim
299 3060 455 3143 caerule0,
474 3081 538 3123 non
559 3063 637 3122 atro.
675 3058 779 3123 ‘Vnde
799 3081 871 3123 cum
886 3059 1090 3141 postmodum
1107 3059 1234 3121 demum
1250 3080 1303 3122 eas

160 3189 229 3230 csse
244 3167 387 3230 adiectas
403 3167 622 3249 intellegatur,
639 3167 745 3230 minus
761 3167 858 3229 etiam
876 3167 1013 3230 mirandi
1029 3170 1104 3230 sunt
1115 3170 1164 3229 tot
1179 3188 1303 3230 errores

159 3275 192 3337 in
231 3274 466 3358 distinguendis
503 3273 687 3337 fabularum
720 3273 946 3337 Plautinarum
984 3274 1129 3356 personis
1163 3273 1304 3337 admissi.

161 3379 349 3445 Cuiusmodi
369 3383 487 3445 erroris
508 3383 560 3444 vix
582 3381 667 3444 aliud
688 3386 794 3445 exstat
813 3385 880 3444 tam
900 3380 1097 3444 luculentum
1114 3381 1303 3465 exemplum,

160 3511 256 3573 quam
281 3488 364 3572 quod
390 3489 423 3552 in
441 3488 642 3552 Ballionis
666 3510 804 3572 persona
829 3487 970 3551 cernitur
995 3489 1029 3551 in
1049 3488 1197 3552 ultimam
1218 3511 1304 3551 scae·

159 3619 235 3660 nam
259 3619 429 3680 perperam
454 3597 595 3677 invecta,
627 3619 645 3659 a
669 3618 732 3679 qua
756 3595 896 3660 dubitari
920 3596 1030 3677 nequit
1055 3596 1132 3678 quin
1156 3596 1213 3657 illa
1237 3599 1304 3657 tam

160 3704 202 3767 sit
226 3705 333 3768 aliena
357 3727 451 3788 quam
478 3708 527 3766 est
545 3705 707 3786 patienter
727 3702 830 3766 adhuc
853 3701 1004 3766 tolerata'
1025 3701 1208 3783 [Ititschelii
1230 3706 1305 3765 sunt

160 3811 283 3891 verbal.
330 3810 399 3874 Hoc
427 3815 536 3874 tamen
566 3812 599 3873 iu
624 3811 825 3894 praelatione
849 3811 1011 3873 monuisse
1036 3810 1115 3872 satis
1140 3810 1209 3873 erit.
1256 3808 1304 3872 Ac

160 3941 201 3982 ne
234 3919 431 4002 reliquorum
464 3918 592 4002 quidem
628 3919 772 3982 codicum
807 3917 998 4000 compendia
1031 3918 1064 3979 in
1097 3917 1305 3981 adnotatione

161 4026 282 4109 ubique
305 4025 449 4088 imitatus
474 4046 554 4088 sum.

250 4132 316 4216 Ipsi
341 4136 447 4195 autem
472 4132 599 4195 fabulae
619 4134 673 4214 qui
693 4153 808 4196 nomen
830 4132 917 4194 dedit
935 4153 1046 4195 servus
1065 4135 1173 4194 utrum
1193 4130 1305 4193 Pseu·

159 4240 272 4303 dolus
297 4243 382 4302 recte
407 4239 588 4322 appelletur
612 4262 653 4302 an
677 4238 903 4320 Pseudulus,
928 4240 1065 4301 multum
1089 4237 1306 4320 disceptatum

158 4352 217 4410 est.
262 4346 309 4409 Dc
334 4368 395 4428 qua
418 4368 452 4410 rc
476 4366 548 4410 cum
569 4345 765 4409 Ritsclrelius
790 4346 911 4429 proleg.
932 4368 961 4427 p.
981 4341 1176 4407 CCCXVIII
1195 4344 1305 4425 paucis

156 4453 203 4516 ita
236 4452 446 4536 disputasset,
480 4457 515 4516 ut
550 4453 759 4519 recentiorem
795 4474 863 4515 csse
897 4451 1105 4527 contenderet
1133 4449 1305 4514 Pscaulolus
