2934 5048
546 1171 924 1248 PRAEFATIO

262 1436 434 1501 ltudentem
458 1459 497 1501 ex
520 1435 688 1521 Diphilo
713 1458 896 1519 expressam
928 1457 998 1501 esse
1026 1439 1190 1521 cumipse
1216 1443 1313 1521 poeta

154 1541 303 1632 astetur
330 1544 365 1609 in
393 1543 596 1630 prologo-
624 1564 727 1628 neque
758 1543 845 1607 enim
874 1543 1029 1608 habemus
1058 1565 1114 1608 cur
1141 1544 1312 1630 prologum

158 1651 308 1733 exceptis
331 1651 478 1716 versibus
506 1652 644 1716 13-30.
668 1651 719 1716 56.
744 1651 786 1716 78
811 1673 830 1714 a
852 1649 969 1715 Plauto
993 1670 1208 1736 magnamque
1233 1652 1312 1718 adeo

160 1758 290 1833 param
320 1780 339 1821 a
364 1756 498 1842 Diphilo
527 1758 745 1823 abiudicemus
770 1795 825 1841 —,
856 1778 1030 1842 quamnam
1059 1759 1197 1822 maxime
1226 1758 1313 1823 illius

164 1864 362 1928 comoediam
393 1864 590 1947 adhibuerit,
621 1865 744 1929 frustra
777 1863 1006 1948 quaesiverunt
1037 1863 1185 1930 homines
1218 1865 1312 1931 docti.

167 1959 259 2033 Nam
278 1993 347 2036 cum
368 1966 533 2054 Σχοινιάν
558 1970 719 2054 quandam
744 1971 807 2035 sibi
830 1970 959 2035 finxerit
977 1969 1020 2035 M.
1040 1968 1075 2036 Ο.
1094 1969 1253 2035 Benoitus
1277 1972 1312 2036 in

170 2067 256 2142 libro
279 2078 316 2142 de
344 2076 523 2142 Menandro
552 2075 654 2160 deque
681 2096 799 2160 graeca
826 2076 1005 2156 comoedia,
1033 2076 1071 2141 Ε.
1101 2077 1311 2166 Benoistus*)

176 2173 240 2245 sibi
251 2183 406 2267 persuasit
418 2181 560 2248 Rudenti
575 2183 723 2266 Σχεδίαν
742 2181 945 2267 respondere,
964 2205 1061 2267 quam
1080 2185 1310 2250 verosimilius

180 2312 306 2354 -rere
329 2291 416 2355 enim
440 2290 493 2354 vix
517 2287 709 2376 dixerim**)
731 2325 766 2335 —
791 2287 1029 2354 Studemundus
1048 2287 1237 2357 Vidulariae
1255 2293 1310 2356 ad-

184 2396 278 2462 movit.
312 2396 517 2461 Franckenus
541 2418 667 2481 quoque
691 2394 863 2482 (Mnemos.
881 2395 922 2460 N.
943 2394 973 2462 S.
992 2395 1041 2460 Ill
1061 2419 1090 2480 p.
1110 2395 1167 2484 34)
1192 2398 1311 2464 diserte

188 2501 291 2566 monuit
309 2525 412 2588 neque
427 2498 534 2588 Σειρά
549 2524 652 2586 neque
669 2499 788 2580 Κάλως
802 2524 922 2568 nomen
935 2503 1021 2570 inter
1037 2502 1162 2587 Diphili
1181 2505 1310 2570 fabulas

191 2604 263 2672 uobis
283 2613 377 2674 notas
397 2609 552 2694 inveniri,
575 2632 769 2694 quamquam
790 2610 859 2695 ipse
879 2610 981 2674 sensit
998 2609 1183 2675 Plautinum
1202 2613 1310 2695 potius

192 2729 243 2777 csse
266 2716 421 2781 ltudentis
450 2716 580 2783 titulum
609 2739 675 2781 non
703 2716 810 2781 minue
841 2739 938 2801 quam
962 2716 1152 2782 Trinummi.
1197 2717 1310 2804 Neque

194 2817 263 2898 plane
285 2825 393 2888 reiecit
416 2823 623 2888 Franckenus
647 2827 878 2907 commentum,
901 2845 938 2887 ex
963 2846 1026 2909 quo
1047 2819 1310 2913 Ἀνασῳζόμενοι

194 2920 289 3010 Diphili
306 2932 500 3014 respondeat
519 2932 593 2996 huic
612 2931 758 3014 fabulae,
782 2932 929 3016 quamvis
950 2933 1148 2997 contrarium
1168 2934 1210 2997 sit
1223 2933 1309 3020 frag-

194 3037 306 3099 uentum
338 3038 422 3119 apud
451 3037 654 3102 Athenaeum
685 3037 732 3102 XI
755 3037 857 3103 4990
881 3036 911 3123 (l
926 3037 968 3101 Μ.
996 3040 1035 3103 12
1050 3037 1104 3126 Κ.)
1137 3045 1308 3105 servatum.

194 3132 243 3201 llae
267 3142 362 3226 igitur
391 3144 593 3209 coniecturae
621 3167 686 3210 non
717 3146 820 3209 multo
848 3147 921 3229 plus
950 3147 1072 3229 valent,
1100 3169 1195 3232 quam
1224 3148 1308 3231 prio-

194 3262 243 3308 rum
262 3249 503 3334 hariolationes,
526 3252 581 3335 qui
607 3252 786 3316 Rudentem
811 3257 907 3338 atque
926 3251 1129 3318 Vidulariam
1154 3254 1205 3317 rel
1229 3253 1309 3318 adeo

193 3346 336 3420 Addictum
357 3363 453 3442 atque
468 3357 649 3423 Rudentem
669 3381 728 3442 pro
743 3382 807 3423 una
821 3359 932 3423 fabula
947 3360 1159 3424 venditarent.
1191 3358 1309 3424 Scitius

192 3473 220 3515 cr
242 3459 301 3542 ipsa
329 3464 539 3547 inscriptione
567 3464 777 3529 insolentiore
806 3465 978 3530 effecerunt
1007 3471 1083 3549 post
1107 3466 1308 3529 Vidulariam

192 3556 285 3631 factam
302 3570 401 3633 videri
422 3570 617 3654 Rudentem,
637 3572 795 3655 aptiorem
814 3573 945 3637 titulum
965 3576 1002 3636 ut
1020 3573 1078 3636 illa
1097 3572 1308 3655 occupaverit.

261 3671 314 3739 Sed
334 3677 438 3760 ipsam
457 3678 601 3743 fabulam
622 3700 771 3763 graecam
791 3680 920 3743 etiamsi
940 3701 1130 3763 recuperare
1149 3700 1216 3741 non
1235 3699 1307 3761 pos·

189 3791 291 3863 sumus,
316 3787 439 3864 tamen,
467 3807 549 3868 quae
580 3785 613 3847 in
638 3786 821 3849 universum
847 3785 884 3848 dc
909 3785 1041 3869 Diphilo
1066 3789 1162 3869 pocta
1184 3789 1309 3850 veteres

261 3954 321 4018 lDe
339 3976 410 4027 pers.
432 3958 559 4014 muliebr.
579 3959 656 4027 apud
675 3960 715 4013 Pl.
736 3979 762 4028 p.
783 3966 824 4014 64.
858 3959 888 4011 Τ.
908 3961 997 4013 Macci
1018 3959 1111 4014 Plauti
1131 3960 1244 4014 Rudeus
1264 3959 1307 4015 ed.

187 4022 261 4082 Paris.
288 4053 310 4089 a.
329 4045 396 4093 1864
416 4057 442 4106 p.
462 4038 535 4092 XIV.

249 4110 282 4181 **)
300 4117 369 4171 Nam
389 4137 452 4172 cum
468 4136 521 4173 uuo
537 4118 670 4187 tenuique
685 4119 845 4173 testimonio
859 4120 888 4172 in
903 4119 978 4174 illius
995 4119 1105 4174 fabulae
1120 4119 1223 4174 notitia
1237 4118 1309 4174 nita·

187 4197 434 4266 menumquam
456 4198 537 4253 facile
557 4199 675 4253 aliarum
696 4198 901 4252 ‘Schediarum'
922 4199 1057 4253 memoria
1077 4217 1187 4268 prorsus
1203 4200 1310 4254 abolita

188 4276 241 4347 esec
256 4278 340 4338 possit..
369 4279 434 4348 Ipsa
455 4297 519 4334 vero
538 4278 692 4333 similitudo
711 4278 784 4332 inter
798 4278 954 4333 ltudentem
975 4283 1004 4333 et
1017 4279 1192 4334 Vidulariam
1213 4281 1309 4347 aperte

189 4343 339 4412 intercedens
359 4362 390 4413 ut
409 4377 583 4428 nequaquam
599 4358 719 4428 impedit
737 4358 884 4426 quominus
905 4361 950 4413 uni
970 4359 1116 4427 eidemque
1132 4361 1239 4414 erectori
1258 4359 1306 4412 tri-

191 4420 300 4504 buamus,
317 4438 355 4493 ita
375 4441 488 4495 minime
507 4440 682 4495 demonstrat
701 4440 775 4510 quod
795 4440 1002 4494 Studemuudus
1023 4440 1119 4494 voluit.
