<?xml version="1.0" encoding="UTF-8"?>
<!DOCTYPE html PUBLIC "-//W3C//DTD XHTML 1.0 Transitional//EN"
    "http://www.w3.org/TR/xhtml1/DTD/xhtml1-transitional.dtd">
<html xmlns="http://www.w3.org/1999/xhtml" xml:lang="en" lang="en">
 <head>
  <title>
</title>
<meta http-equiv="Content-Type" content="text/html;charset=utf-8" />
  <meta name='ocr-system' content='tesseract 3.04.00' />
  <meta name='ocr-capabilities' content='ocr_page ocr_carea ocr_par ocr_line ocrx_word'/>
</head>
<body>
  <div class='ocr_page' id='page_1' title='image "./tmacciplauticom02schgoog_0567.png"; bbox 0 0 2932 5452; ppageno 0'>
   <div class='ocr_carea' id='block_1_1' title="bbox 157 334 835 393">
    <p class='ocr_par' dir='ltr' id='par_1_1' title="bbox 157 334 835 393">
     <span class='ocr_line' id='line_1_1' title="bbox 157 334 835 393; baseline -0.003 -2"><span class='ocrx_word' id='word_1_1' title='bbox 157 339 219 393; x_wconf 82' lang='lat' dir='ltr'><strong>XVI</strong></span> <span class='ocrx_word' id='word_1_2' title='bbox 629 334 835 389; x_wconf 77' lang='lat' dir='ltr'><strong>PRAEFATIO</strong></span> 
     </span>
    </p>
   </div>
   <div class='ocr_carea' id='block_1_2' title="bbox 155 510 1311 1987">
    <p class='ocr_par' dir='ltr' id='par_1_2' title="bbox 155 510 1311 1987">
     <span class='ocr_line' id='line_1_2' title="bbox 156 510 1311 601; baseline -0.001 -20"><span class='ocrx_word' id='word_1_3' title='bbox 156 517 332 601; x_wconf 75' lang='lat' dir='ltr'>scripturae</span> <span class='ocrx_word' id='word_1_4' title='bbox 360 515 455 579; x_wconf 91' lang='lat' dir='ltr'><strong>modo</strong></span> <span class='ocrx_word' id='word_1_5' title='bbox 481 534 541 581; x_wconf 77' lang='lat' dir='ltr'><strong>xm</strong></span> <span class='ocrx_word' id='word_1_6' title='bbox 567 518 644 578; x_wconf 92' lang='lat' dir='ltr'><strong>sunt</strong></span> <span class='ocrx_word' id='word_1_7' title='bbox 671 513 766 579; x_wconf 91' lang='lat' dir='ltr'><strong>modo</strong></span> <span class='ocrx_word' id='word_1_8' title='bbox 796 531 843 577; x_wconf 84' lang='lat' dir='ltr'><strong>xx</strong></span> <span class='ocrx_word' id='word_1_9' title='bbox 872 510 1011 600; x_wconf 83' lang='lat' dir='ltr'><strong>versus):</strong></span> <span class='ocrx_word' id='word_1_10' title='bbox 1038 514 1195 599; x_wconf 85' lang='lat' dir='ltr'><strong>alterum,</strong></span> <span class='ocrx_word' id='word_1_11' title='bbox 1217 514 1311 580; x_wconf 88' lang='lat' dir='ltr'><strong>bino-</strong></span> 
     </span>
     <span class='ocr_line' id='line_1_3' title="bbox 155 629 1310 713; baseline 0 -17"><span class='ocrx_word' id='word_1_12' title='bbox 155 654 226 696; x_wconf 88' lang='lat' dir='ltr'><strong>rum</strong></span> <span class='ocrx_word' id='word_1_13' title='bbox 250 652 398 696; x_wconf 90' lang='lat' dir='ltr'><strong>versuum</strong></span> <span class='ocrx_word' id='word_1_14' title='bbox 422 630 528 713; x_wconf 87' lang='lat' dir='ltr'><strong>spatio</strong></span> <span class='ocrx_word' id='word_1_15' title='bbox 552 650 764 712; x_wconf 90' lang='lat' dir='ltr'><strong>personarum</strong></span> <span class='ocrx_word' id='word_1_16' title='bbox 781 629 968 694; x_wconf 91' lang='lat' dir='ltr'><strong>nominibus</strong></span> <span class='ocrx_word' id='word_1_17' title='bbox 986 629 1226 695; x_wconf 85' lang='lat' dir='ltr'><strong>destinatorum</strong></span> <span class='ocrx_word' id='word_1_18' title='bbox 1245 630 1310 695; x_wconf 88' lang='lat' dir='ltr'><strong>sin·</strong></span> 
     </span>
     <span class='ocr_line' id='line_1_4' title="bbox 156 744 1310 833; baseline 0 -21"><span class='ocrx_word' id='word_1_19' title='bbox 156 748 249 833; x_wconf 87' lang='lat' dir='ltr'><strong>gulas</strong></span> <span class='ocrx_word' id='word_1_20' title='bbox 280 748 365 810; x_wconf 89' lang='lat' dir='ltr'><strong>inter</strong></span> <span class='ocrx_word' id='word_1_21' title='bbox 397 768 430 809; x_wconf 88' lang='lat' dir='ltr'><strong>se</strong></span> <span class='ocrx_word' id='word_1_22' title='bbox 463 767 596 809; x_wconf 89' lang='lat' dir='ltr'><strong>scaenas</strong></span> <span class='ocrx_word' id='word_1_23' title='bbox 629 745 768 809; x_wconf 82' lang='lat' dir='ltr'><strong>discerni</strong></span> <span class='ocrx_word' id='word_1_24' title='bbox 800 744 912 809; x_wconf 85' lang='lat' dir='ltr'><strong>solitas</strong></span> <span class='ocrx_word' id='word_1_25' title='bbox 939 766 1023 809; x_wconf 84' lang='lat' dir='ltr'><strong>esse:</strong></span> <span class='ocrx_word' id='word_1_26' title='bbox 1053 746 1205 829; x_wconf 88' lang='lat' dir='ltr'><strong>tertium,</strong></span> <span class='ocrx_word' id='word_1_27' title='bbox 1235 764 1310 811; x_wconf 82' lang='lat' dir='ltr'><strong>cum</strong></span> 
     </span>
     <span class='ocr_line' id='line_1_5' title="bbox 157 860 1310 945; baseline 0 -20"><span class='ocrx_word' id='word_1_28' title='bbox 157 862 274 927; x_wconf 90' lang='lat' dir='ltr'><strong>codicis</strong></span> <span class='ocrx_word' id='word_1_29' title='bbox 298 861 442 926; x_wconf 89' lang='lat' dir='ltr'><strong>versibus</strong></span> <span class='ocrx_word' id='word_1_30' title='bbox 466 864 579 945; x_wconf 86' lang='lat' dir='ltr'><strong>poetae</strong></span> <span class='ocrx_word' id='word_1_31' title='bbox 604 882 715 924; x_wconf 86' lang='lat' dir='ltr'><strong>versus</strong></span> <span class='ocrx_word' id='word_1_32' title='bbox 738 860 888 924; x_wconf 87' lang='lat' dir='ltr'><strong>metricos</strong></span> <span class='ocrx_word' id='word_1_33' title='bbox 907 861 1080 943; x_wconf 83' lang='lat' dir='ltr'><strong>exaequari</strong></span> <span class='ocrx_word' id='word_1_34' title='bbox 1101 862 1138 925; x_wconf 89' lang='lat' dir='ltr'><strong>in</strong></span> <span class='ocrx_word' id='word_1_35' title='bbox 1161 860 1310 927; x_wconf 86' lang='lat' dir='ltr'><strong>iambicis</strong></span> 
     </span>
     <span class='ocr_line' id='line_1_6' title="bbox 157 976 1308 1063; baseline -0.001 -21"><span class='ocrx_word' id='word_1_36' title='bbox 157 978 281 1042; x_wconf 87' lang='lat' dir='ltr'><strong>scaenis</strong></span> <span class='ocrx_word' id='word_1_37' title='bbox 291 976 338 1063; x_wconf 69' lang='lat'><strong>²¹³),</strong></span> <span class='ocrx_word' id='word_1_38' title='bbox 375 980 488 1041; x_wconf 86' lang='lat' dir='ltr'><strong>contra</strong></span> <span class='ocrx_word' id='word_1_39' title='bbox 519 976 719 1059; x_wconf 83' lang='lat' dir='ltr'><strong>septenarios</strong></span> <span class='ocrx_word' id='word_1_40' title='bbox 751 997 819 1040; x_wconf 92' lang='lat' dir='ltr'><strong>non</strong></span> <span class='ocrx_word' id='word_1_41' title='bbox 854 977 974 1059; x_wconf 89' lang='lat' dir='ltr'><strong>paucos</strong></span> <span class='ocrx_word' id='word_1_42' title='bbox 1005 980 1141 1061; x_wconf 87' lang='lat' dir='ltr'><strong>propter</strong></span> <span class='ocrx_word' id='word_1_43' title='bbox 1173 976 1308 1041; x_wconf 80' lang='lat' dir='ltr'><strong>nimiam</strong></span> 
     </span>
     <span class='ocr_line' id='line_1_7' title="bbox 157 1090 1308 1178; baseline 0.002 -23"><span class='ocrx_word' id='word_1_44' title='bbox 157 1116 216 1178; x_wconf 89' lang='lat' dir='ltr'><strong>pro</strong></span> <span class='ocrx_word' id='word_1_45' title='bbox 239 1093 498 1157; x_wconf 87' lang='lat' dir='ltr'><strong>membranarum</strong></span> <span class='ocrx_word' id='word_1_46' title='bbox 523 1091 681 1175; x_wconf 82' lang='lat' dir='ltr'><strong>airgustiis</strong></span> <span class='ocrx_word' id='word_1_47' title='bbox 704 1090 939 1176; x_wconf 81' lang='lat' dir='ltr'><strong>longitudinem</strong></span> <span class='ocrx_word' id='word_1_48' title='bbox 959 1092 992 1155; x_wconf 92' lang='lat' dir='ltr'><strong>in</strong></span> <span class='ocrx_word' id='word_1_49' title='bbox 1011 1091 1107 1156; x_wconf 88' lang='lat' dir='ltr'><strong>binos</strong></span> <span class='ocrx_word' id='word_1_50' title='bbox 1130 1113 1152 1155; x_wconf 89' lang='lat' dir='ltr'><strong>a</strong></span> <span class='ocrx_word' id='word_1_51' title='bbox 1174 1090 1308 1157; x_wconf 85' lang='lat' dir='ltr'><strong>librario</strong></span> 
     </span>
     <span class='ocr_line' id='line_1_8' title="bbox 158 1206 1308 1293; baseline -0.001 -19"><span class='ocrx_word' id='word_1_52' title='bbox 158 1231 269 1275; x_wconf 86' lang='lat' dir='ltr'><strong>versus</strong></span> <span class='ocrx_word' id='word_1_53' title='bbox 288 1208 438 1293; x_wconf 83' lang='lat' dir='ltr'><strong>dispesci:</strong></span> <span class='ocrx_word' id='word_1_54' title='bbox 461 1230 536 1270; x_wconf 91' lang='lat' dir='ltr'><strong>nam</strong></span> <span class='ocrx_word' id='word_1_55' title='bbox 556 1206 591 1270; x_wconf 94' lang='lat' dir='ltr'><strong>in</strong></span> <span class='ocrx_word' id='word_1_56' title='bbox 610 1206 784 1271; x_wconf 83' lang='lat' dir='ltr'><strong>octonariis</strong></span> <span class='ocrx_word' id='word_1_57' title='bbox 806 1206 869 1271; x_wconf 90' lang='lat' dir='ltr'><strong>hoc</strong></span> <span class='ocrx_word' id='word_1_58' title='bbox 887 1210 1143 1273; x_wconf 84' lang='lat' dir='ltr'><strong>consentaneum</strong></span> <span class='ocrx_word' id='word_1_59' title='bbox 1166 1211 1219 1273; x_wconf 83' lang='lat' dir='ltr'><strong>est</strong></span> <span class='ocrx_word' id='word_1_60' title='bbox 1240 1211 1308 1273; x_wconf 84' lang='lat' dir='ltr'><strong>tam</strong></span> 
     </span>
     <span class='ocr_line' id='line_1_9' title="bbox 159 1321 1307 1410; baseline 0 -20"><span class='ocrx_word' id='word_1_61' title='bbox 159 1347 254 1410; x_wconf 83' lang='lat' dir='ltr'>saepe</span> <span class='ocrx_word' id='word_1_62' title='bbox 277 1324 359 1407; x_wconf 90' lang='lat' dir='ltr'><strong>fieri,</strong></span> <span class='ocrx_word' id='word_1_63' title='bbox 387 1327 423 1386; x_wconf 89' lang='lat' dir='ltr'><strong>ut</strong></span> <span class='ocrx_word' id='word_1_64' title='bbox 450 1324 483 1386; x_wconf 93' lang='lat' dir='ltr'><strong>in</strong></span> <span class='ocrx_word' id='word_1_65' title='bbox 511 1322 544 1385; x_wconf 94' lang='lat' dir='ltr'><strong>id</strong></span> <span class='ocrx_word' id='word_1_66' title='bbox 567 1343 670 1407; x_wconf 84' lang='lat' dir='ltr'><strong>genus</strong></span> <span class='ocrx_word' id='word_1_67' title='bbox 694 1344 761 1386; x_wconf 91' lang='lat' dir='ltr'><strong>non</strong></span> <span class='ocrx_word' id='word_1_68' title='bbox 784 1321 888 1406; x_wconf 84' lang='lat' dir='ltr'><strong>magia</strong></span> <span class='ocrx_word' id='word_1_69' title='bbox 911 1344 1008 1407; x_wconf 88' lang='lat' dir='ltr'><strong>quam</strong></span> <span class='ocrx_word' id='word_1_70' title='bbox 1031 1323 1067 1389; x_wconf 92' lang='lat' dir='ltr'><strong>in</strong></span> <span class='ocrx_word' id='word_1_71' title='bbox 1088 1323 1220 1389; x_wconf 81' lang='lat' dir='ltr'><strong>cantica</strong></span> <span class='ocrx_word' id='word_1_72' title='bbox 1242 1324 1307 1389; x_wconf 79' lang='lat' dir='ltr'><strong>ulls</strong></span> 
     </span>
     <span class='ocr_line' id='line_1_10' title="bbox 159 1438 1306 1524; baseline 0.001 -20"><span class='ocrx_word' id='word_1_73' title='bbox 159 1439 363 1505; x_wconf 78' lang='lat' dir='ltr'><strong>ratiocinatio</strong></span> <span class='ocrx_word' id='word_1_74' title='bbox 391 1439 525 1503; x_wconf 75' lang='lat' dir='ltr'><strong>cedato</strong></span> <span class='ocrx_word' id='word_1_75' title='bbox 550 1459 698 1524; x_wconf 83' lang='lat' dir='ltr'><strong>versuum</strong></span> <span class='ocrx_word' id='word_1_76' title='bbox 726 1438 967 1522; x_wconf 88' lang='lat' dir='ltr'><strong>computatione</strong></span> <span class='ocrx_word' id='word_1_77' title='bbox 994 1438 1100 1503; x_wconf 82' lang='lat' dir='ltr'><strong>ducta.</strong></span> <span class='ocrx_word' id='word_1_78' title='bbox 1123 1438 1306 1523; x_wconf 82' lang='lat' dir='ltr'><strong>Septenarii</strong></span> 
     </span>
     <span class='ocr_line' id='line_1_11' title="bbox 160 1553 1306 1638; baseline 0.001 -17"><span class='ocrx_word' id='word_1_79' title='bbox 160 1562 266 1621; x_wconf 85' lang='lat' dir='ltr'><strong>autem</strong></span> <span class='ocrx_word' id='word_1_80' title='bbox 294 1554 448 1619; x_wconf 72' lang='lat' dir='ltr'><strong>trochaici</strong></span> <span class='ocrx_word' id='word_1_81' title='bbox 477 1554 503 1616; x_wconf 88' lang='lat' dir='ltr'><strong>si</strong></span> <span class='ocrx_word' id='word_1_82' title='bbox 532 1553 705 1636; x_wconf 88' lang='lat' dir='ltr'><strong>quaesicris</strong></span> <span class='ocrx_word' id='word_1_83' title='bbox 729 1553 878 1636; x_wconf 89' lang='lat' dir='ltr'><strong>quotiens</strong></span> <span class='ocrx_word' id='word_1_84' title='bbox 905 1554 972 1617; x_wconf 82' lang='lat' dir='ltr'><strong>fere</strong></span> <span class='ocrx_word' id='word_1_85' title='bbox 995 1576 1053 1638; x_wconf 84' lang='lat' dir='ltr'><strong>per</strong></span> <span class='ocrx_word' id='word_1_86' title='bbox 1075 1554 1173 1621; x_wconf 90' lang='lat' dir='ltr'><strong>binos</strong></span> <span class='ocrx_word' id='word_1_87' title='bbox 1196 1577 1306 1621; x_wconf 84' lang='lat' dir='ltr'><strong>uersus</strong></span> 
     </span>
     <span class='ocr_line' id='line_1_12' title="bbox 160 1668 1304 1755; baseline -0.001 -19"><span class='ocrx_word' id='word_1_88' title='bbox 160 1672 402 1753; x_wconf 75' lang='lat' dir='ltr'><strong>continuentur,</strong></span> <span class='ocrx_word' id='word_1_89' title='bbox 430 1691 486 1753; x_wconf 85' lang='lat' dir='ltr'><strong>per</strong></span> <span class='ocrx_word' id='word_1_90' title='bbox 513 1672 613 1732; x_wconf 87' lang='lat' dir='ltr'><strong>totam</strong></span> <span class='ocrx_word' id='word_1_91' title='bbox 643 1668 787 1732; x_wconf 86' lang='lat' dir='ltr'><strong>fabulam</strong></span> <span class='ocrx_word' id='word_1_92' title='bbox 815 1669 896 1733; x_wconf 89' lang='lat' dir='ltr'><strong>scito</strong></span> <span class='ocrx_word' id='word_1_93' title='bbox 918 1669 1004 1733; x_wconf 88' lang='lat' dir='ltr'><strong>hanc</strong></span> <span class='ocrx_word' id='word_1_94' title='bbox 1026 1669 1189 1735; x_wconf 87' lang='lat' dir='ltr'><strong>rationem</strong></span> <span class='ocrx_word' id='word_1_95' title='bbox 1211 1671 1304 1755; x_wconf 87' lang='lat' dir='ltr'><strong>perti-</strong></span> 
     </span>
     <span class='ocr_line' id='line_1_13' title="bbox 158 1782 1303 1872; baseline -0.001 -21"><span class='ocrx_word' id='word_1_96' title='bbox 158 1808 235 1851; x_wconf 88' lang='lat' dir='ltr'><strong>nere</strong></span> <span class='ocrx_word' id='word_1_97' title='bbox 264 1782 330 1871; x_wconf 89' lang='lat' dir='ltr'><strong>(cui</strong></span> <span class='ocrx_word' id='word_1_98' title='bbox 358 1806 424 1848; x_wconf 91' lang='lat' dir='ltr'><strong>non</strong></span> <span class='ocrx_word' id='word_1_99' title='bbox 451 1787 613 1868; x_wconf 88' lang='lat' dir='ltr'><strong>repugnat</strong></span> <span class='ocrx_word' id='word_1_100' title='bbox 640 1784 776 1847; x_wconf 86' lang='lat' dir='ltr'><strong>aliarum</strong></span> <span class='ocrx_word' id='word_1_101' title='bbox 808 1784 991 1848; x_wconf 88' lang='lat' dir='ltr'><strong>fabularum</strong></span> <span class='ocrx_word' id='word_1_102' title='bbox 1013 1783 1192 1872; x_wconf 87' lang='lat' dir='ltr'><strong>condicio),</strong></span> <span class='ocrx_word' id='word_1_103' title='bbox 1215 1786 1303 1852; x_wconf 91' lang='lat' dir='ltr'><strong>utin</strong></span> 
     </span>
     <span class='ocr_line' id='line_1_14' title="bbox 161 1899 1302 1987; baseline 0.003 -22"><span class='ocrx_word' id='word_1_104' title='bbox 161 1901 297 1987; x_wconf 82' lang='lat' dir='ltr'><strong>singulis</strong></span> <span class='ocrx_word' id='word_1_105' title='bbox 325 1900 404 1964; x_wconf 90' lang='lat' dir='ltr'><strong>illud</strong></span> <span class='ocrx_word' id='word_1_106' title='bbox 432 1900 560 1985; x_wconf 78' lang='lat' dir='ltr'><strong>paginis</strong></span> <span class='ocrx_word' id='word_1_107' title='bbox 589 1900 776 1983; x_wconf 89' lang='lat' dir='ltr'><strong>plerumque</strong></span> <span class='ocrx_word' id='word_1_108' title='bbox 804 1899 853 1963; x_wconf 88' lang='lat' dir='ltr'><strong>bis</strong></span> <span class='ocrx_word' id='word_1_109' title='bbox 881 1922 939 1964; x_wconf 89' lang='lat' dir='ltr'><strong>usu</strong></span> <span class='ocrx_word' id='word_1_110' title='bbox 968 1901 1092 1984; x_wconf 75' lang='lat' dir='ltr'><strong>veniat,</strong></span> <span class='ocrx_word' id='word_1_111' title='bbox 1118 1923 1189 1967; x_wconf 90' lang='lat' dir='ltr'><strong>non</strong></span> <span class='ocrx_word' id='word_1_112' title='bbox 1216 1923 1302 1967; x_wconf 88' lang='lat' dir='ltr'><strong>num·</strong></span> 
     </span>
    </p>
   </div>
   <div class='ocr_carea' id='block_1_3' title="bbox 161 2015 1300 2110">
    <p class='ocr_par' dir='ltr' id='par_1_3' title="bbox 161 2015 1300 2110">
     <span class='ocr_line' id='line_1_15' title="bbox 161 2015 1300 2110; baseline 0.001 -29"><span class='ocrx_word' id='word_1_113' title='bbox 161 2040 258 2101; x_wconf 90' lang='lat' dir='ltr'><strong>quam</strong></span> <span class='ocrx_word' id='word_1_114' title='bbox 286 2016 382 2080; x_wconf 88' lang='lat' dir='ltr'><strong>semel</strong></span> <span class='ocrx_word' id='word_1_115' title='bbox 411 2018 553 2097; x_wconf 84' lang='lat' dir='ltr'><strong>tantum,</strong></span> <span class='ocrx_word' id='word_1_116' title='bbox 580 2015 774 2098; x_wconf 84' lang='lat' dir='ltr'><strong>aliquotiens</strong></span> <span class='ocrx_word' id='word_1_117' title='bbox 801 2019 863 2080; x_wconf 88' lang='lat' dir='ltr'><strong>ter:</strong></span> <span class='ocrx_word' id='word_1_118' title='bbox 892 2018 927 2079; x_wconf 92' lang='lat' dir='ltr'><strong>ut</strong></span> <span class='ocrx_word' id='word_1_119' title='bbox 954 2015 1007 2079; x_wconf 85' lang='lat' dir='ltr'><strong>vix</strong></span> <span class='ocrx_word' id='word_1_120' title='bbox 1034 2015 1104 2079; x_wconf 85' lang='lat' dir='ltr'><strong>falli</strong></span> <span class='ocrx_word' id='word_1_121' title='bbox 1132 2016 1300 2110; x_wconf 74' lang='lat' dir='ltr'><strong>videamm,</strong></span> 
     </span>
    </p>
   </div>
   <div class='ocr_carea' id='block_1_4' title="bbox 161 2130 1338 2679">
    <p class='ocr_par' dir='ltr' id='par_1_4' title="bbox 161 2130 1297 2331">
     <span class='ocr_line' id='line_1_16' title="bbox 161 2130 1297 2217; baseline 0.002 -22"><span class='ocrx_word' id='word_1_122' title='bbox 161 2133 187 2195; x_wconf 90' lang='lat' dir='ltr'><strong>si</strong></span> <span class='ocrx_word' id='word_1_123' title='bbox 211 2131 390 2217; x_wconf 80' lang='lat' dir='ltr'><strong>generatim</strong></span> <span class='ocrx_word' id='word_1_124' title='bbox 413 2131 612 2194; x_wconf 84' lang='lat' dir='ltr'><strong>numerando</strong></span> <span class='ocrx_word' id='word_1_125' title='bbox 636 2152 757 2195; x_wconf 91' lang='lat' dir='ltr'><strong>nonum</strong></span> <span class='ocrx_word' id='word_1_126' title='bbox 777 2152 934 2215; x_wconf 83' lang='lat' dir='ltr'><strong>quemque</strong></span> <span class='ocrx_word' id='word_1_127' title='bbox 953 2131 1003 2194; x_wconf 87' lang='lat' dir='ltr'><strong>vel</strong></span> <span class='ocrx_word' id='word_1_128' title='bbox 1026 2130 1188 2197; x_wconf 90' lang='lat' dir='ltr'><strong>decimum</strong></span> <span class='ocrx_word' id='word_1_129' title='bbox 1210 2136 1297 2197; x_wconf 71' lang='lat' dir='ltr'><strong>cens·</strong></span> 
     </span>
     <span class='ocr_line' id='line_1_17' title="bbox 161 2245 715 2331; baseline -0.004 -20"><span class='ocrx_word' id='word_1_130' title='bbox 161 2252 300 2311; x_wconf 90' lang='lat' dir='ltr'><strong>metrum</strong></span> <span class='ocrx_word' id='word_1_131' title='bbox 323 2247 511 2331; x_wconf 85' lang='lat' dir='ltr'><strong>bipertitum</strong></span> <span class='ocrx_word' id='word_1_132' title='bbox 535 2245 715 2309; x_wconf 72' lang='lat' dir='ltr'><strong>dixerimus.</strong></span> 
     </span>
    </p>

    <p class='ocr_par' dir='ltr' id='par_1_5' title="bbox 161 2361 1338 2679">
     <span class='ocr_line' id='line_1_18' title="bbox 249 2361 1296 2445; baseline 0 -18"><span class='ocrx_word' id='word_1_133' title='bbox 249 2361 318 2427; x_wconf 89' lang='lat' dir='ltr'><strong>Has</strong></span> <span class='ocrx_word' id='word_1_134' title='bbox 351 2362 450 2445; x_wconf 82' lang='lat' dir='ltr'><strong>igitur</strong></span> <span class='ocrx_word' id='word_1_135' title='bbox 482 2361 623 2425; x_wconf 88' lang='lat' dir='ltr'><strong>rationes</strong></span> <span class='ocrx_word' id='word_1_136' title='bbox 659 2361 715 2424; x_wconf 92' lang='lat' dir='ltr'><strong>ubi</strong></span> <span class='ocrx_word' id='word_1_137' title='bbox 747 2361 971 2445; x_wconf 82' lang='lat' dir='ltr'><strong>comparandis</strong></span> <span class='ocrx_word' id='word_1_138' title='bbox 1004 2362 1089 2427; x_wconf 91' lang='lat' dir='ltr'><strong>inter</strong></span> <span class='ocrx_word' id='word_1_139' title='bbox 1122 2385 1157 2429; x_wconf 86' lang='lat' dir='ltr'><strong>se</strong></span> <span class='ocrx_word' id='word_1_140' title='bbox 1188 2361 1296 2429; x_wconf 85' lang='lat' dir='ltr'><strong>codicis</strong></span> 
     </span>
     <span class='ocr_line' id='line_1_19' title="bbox 161 2476 1311 2563; baseline -0.002 -20"><span class='ocrx_word' id='word_1_141' title='bbox 161 2478 355 2543; x_wconf 84' lang='lat' dir='ltr'><strong>membranis</strong></span> <span class='ocrx_word' id='word_1_142' title='bbox 379 2477 569 2561; x_wconf 84' lang='lat' dir='ltr'><strong>fabulaeque</strong></span> <span class='ocrx_word' id='word_1_143' title='bbox 593 2476 739 2559; x_wconf 86' lang='lat' dir='ltr'><strong>partibus</strong></span> <span class='ocrx_word' id='word_1_144' title='bbox 762 2476 960 2562; x_wconf 87' lang='lat' dir='ltr'><strong>adhibueris,</strong></span> <span class='ocrx_word' id='word_1_145' title='bbox 978 2477 1005 2542; x_wconf 90' lang='lat' dir='ltr'><strong>si</strong></span> <span class='ocrx_word' id='word_1_146' title='bbox 1028 2478 1114 2543; x_wconf 86' lang='lat' dir='ltr'><strong>forte</strong></span> <span class='ocrx_word' id='word_1_147' title='bbox 1137 2478 1311 2563; x_wconf 68' lang='lat' dir='ltr'><strong>inprimis</strong></span> 
     </span>
     <span class='ocr_line' id='line_1_20' title="bbox 161 2592 1338 2679; baseline -0.001 -20"><span class='ocrx_word' id='word_1_148' title='bbox 161 2595 286 2659; x_wconf 89' lang='lat' dir='ltr'><strong>dnobus</strong></span> <span class='ocrx_word' id='word_1_149' title='bbox 314 2592 578 2677; x_wconf 78' lang='lat' dir='ltr'><strong>quaternionibus</strong></span> <span class='ocrx_word' id='word_1_150' title='bbox 611 2592 768 2675; x_wconf 87' lang='lat' dir='ltr'><strong>quaedam</strong></span> <span class='ocrx_word' id='word_1_151' title='bbox 800 2614 867 2657; x_wconf 92' lang='lat' dir='ltr'><strong>non</strong></span> <span class='ocrx_word' id='word_1_152' title='bbox 899 2594 977 2657; x_wconf 87' lang='lat' dir='ltr'><strong>satis</strong></span> <span class='ocrx_word' id='word_1_153' title='bbox 1009 2614 1190 2679; x_wconf 77' lang='lat' dir='ltr'><strong>congruere</strong></span> <span class='ocrx_word' id='word_1_154' title='bbox 1221 2594 1338 2659; x_wconf 78' lang='lat' dir='ltr'><strong>vide-</strong></span> 
     </span>
    </p>
   </div>
   <div class='ocr_carea' id='block_1_5' title="bbox 82 2880 1345 4405">
    <p class='ocr_par' dir='ltr' id='par_1_6' title="bbox 82 2880 1345 4405">
     <span class='ocr_line' id='line_1_21' title="bbox 246 2880 1345 2954; baseline 0.003 -19"><span class='ocrx_word' id='word_1_155' title='bbox 246 2884 271 2943; x_wconf 53' lang='grc' dir='ltr'><strong>*μ</strong></span> <span class='ocrx_word' id='word_1_156' title='bbox 293 2884 378 2936; x_wconf 85' lang='lat' dir='ltr'><strong>[luins</strong></span> <span class='ocrx_word' id='word_1_157' title='bbox 397 2882 471 2934; x_wconf 75' lang='lat' dir='ltr'><strong>enim</strong></span> <span class='ocrx_word' id='word_1_158' title='bbox 490 2898 603 2935; x_wconf 83' lang='lat' dir='ltr'><strong>normae</strong></span> <span class='ocrx_word' id='word_1_159' title='bbox 623 2882 770 2935; x_wconf 84' lang='lat' dir='ltr'><strong>veritatem</strong></span> <span class='ocrx_word' id='word_1_160' title='bbox 790 2884 820 2936; x_wconf 87' lang='lat' dir='ltr'><strong>ot</strong></span> <span class='ocrx_word' id='word_1_161' title='bbox 837 2883 893 2936; x_wconf 90' lang='lat' dir='ltr'><strong>vim</strong></span> <span class='ocrx_word' id='word_1_162' title='bbox 911 2883 1138 2953; x_wconf 81' lang='lat' dir='ltr'><strong>argumentandi,</strong></span> <span class='ocrx_word' id='word_1_163' title='bbox 1158 2885 1207 2953; x_wconf 89' lang='lat' dir='ltr'><strong>qui</strong></span> <span class='ocrx_word' id='word_1_164' title='bbox 1223 2880 1345 2954; x_wconf 58' lang='lat' dir='ltr'><strong>sapfss</strong></span> 
     </span>
     <span class='ocr_line' id='line_1_22' title="bbox 162 2967 1345 3036; baseline 0.003 -14"><span class='ocrx_word' id='word_1_165' title='bbox 162 2986 217 3022; x_wconf 92' lang='lat' dir='ltr'><strong>non</strong></span> <span class='ocrx_word' id='word_1_166' title='bbox 234 2968 350 3036; x_wconf 86' lang='lat' dir='ltr'><strong>infringi</strong></span> <span class='ocrx_word' id='word_1_167' title='bbox 368 2984 401 3020; x_wconf 89' lang='lat' dir='ltr'><strong>eo</strong></span> <span class='ocrx_word' id='word_1_168' title='bbox 419 2967 562 3036; x_wconf 79' lang='lat' dir='ltr'><strong>perspicit,</strong></span> <span class='ocrx_word' id='word_1_169' title='bbox 576 2968 651 3035; x_wconf 88' lang='lat' dir='ltr'><strong>quod</strong></span> <span class='ocrx_word' id='word_1_170' title='bbox 669 2968 721 3020; x_wconf 89' lang='lat' dir='ltr'><strong>bis</strong></span> <span class='ocrx_word' id='word_1_171' title='bbox 738 2971 835 3022; x_wconf 80' lang='lat' dir='ltr'><strong>terve</strong></span> <span class='ocrx_word' id='word_1_172' title='bbox 854 2971 882 3021; x_wconf 90' lang='lat' dir='ltr'><strong>in</strong></span> <span class='ocrx_word' id='word_1_173' title='bbox 895 2970 938 3022; x_wconf 90' lang='lat' dir='ltr'><strong>tot</strong></span> <span class='ocrx_word' id='word_1_174' title='bbox 950 2969 1063 3023; x_wconf 87' lang='lat' dir='ltr'><strong>milibus</strong></span> <span class='ocrx_word' id='word_1_175' title='bbox 1075 2987 1208 3025; x_wconf 79' lang='lat' dir='ltr'><strong>versuum</strong></span> <span class='ocrx_word' id='word_1_176' title='bbox 1221 2970 1345 3025; x_wconf 68' lang='lat' dir='ltr'><strong>etius</strong></span> 
     </span>
     <span class='ocr_line' id='line_1_23' title="bbox 162 3052 1334 3124; baseline -0.001 -18"><span class='ocrx_word' id='word_1_177' title='bbox 162 3054 197 3106; x_wconf 85' lang='lat' dir='ltr'><strong>ad</strong></span> <span class='ocrx_word' id='word_1_178' title='bbox 220 3053 343 3105; x_wconf 87' lang='lat' dir='ltr'><strong>senarios</strong></span> <span class='ocrx_word' id='word_1_179' title='bbox 364 3053 429 3105; x_wconf 84' lang='lat' dir='ltr'><strong>talis</strong></span> <span class='ocrx_word' id='word_1_180' title='bbox 452 3052 551 3105; x_wconf 86' lang='lat' dir='ltr'><strong>divisio</strong></span> <span class='ocrx_word' id='word_1_181' title='bbox 574 3053 718 3120; x_wconf 87' lang='lat' dir='ltr'><strong>pertinuit.</strong></span> <span class='ocrx_word' id='word_1_182' title='bbox 736 3053 800 3106; x_wconf 92' lang='lat' dir='ltr'><strong>Non</strong></span> <span class='ocrx_word' id='word_1_183' title='bbox 818 3055 907 3123; x_wconf 80' lang='lat' dir='ltr'><strong>magis</strong></span> <span class='ocrx_word' id='word_1_184' title='bbox 925 3072 974 3108; x_wconf 89' lang='lat' dir='ltr'><strong>nos</strong></span> <span class='ocrx_word' id='word_1_185' title='bbox 992 3055 1067 3124; x_wconf 83' lang='lat' dir='ltr'><strong>fugit</strong></span> <span class='ocrx_word' id='word_1_186' title='bbox 1083 3071 1247 3110; x_wconf 80' lang='lat' dir='ltr'><strong>scaenarum</strong></span> <span class='ocrx_word' id='word_1_187' title='bbox 1263 3052 1334 3107; x_wconf 71' lang='lat' dir='ltr'><strong>&#39;ni</strong></span> 
     </span>
     <span class='ocr_line' id='line_1_24' title="bbox 162 3137 1345 3212; baseline 0.001 -21"><span class='ocrx_word' id='word_1_188' title='bbox 162 3139 341 3207; x_wconf 84' lang='lat' dir='ltr'><strong>scriptionem</strong></span> <span class='ocrx_word' id='word_1_189' title='bbox 365 3137 516 3204; x_wconf 87' lang='lat' dir='ltr'><strong>aliqnando</strong></span> <span class='ocrx_word' id='word_1_190' title='bbox 535 3137 615 3189; x_wconf 88' lang='lat' dir='ltr'><strong>unius</strong></span> <span class='ocrx_word' id='word_1_191' title='bbox 633 3138 743 3191; x_wconf 89' lang='lat' dir='ltr'><strong>tantum</strong></span> <span class='ocrx_word' id='word_1_192' title='bbox 761 3155 858 3193; x_wconf 85' lang='lat' dir='ltr'><strong>versus</strong></span> <span class='ocrx_word' id='word_1_193' title='bbox 875 3140 982 3193; x_wconf 87' lang='lat' dir='ltr'><strong>ambitu</strong></span> <span class='ocrx_word' id='word_1_194' title='bbox 1001 3141 1153 3207; x_wconf 86' lang='lat' dir='ltr'><strong>contineri,</strong></span> <span class='ocrx_word' id='word_1_195' title='bbox 1171 3144 1205 3196; x_wconf 89' lang='lat' dir='ltr'><strong>ut</strong></span> <span class='ocrx_word' id='word_1_196' title='bbox 1219 3138 1345 3212; x_wconf 67' lang='lat' dir='ltr'><strong>ipsi-is</strong></span> 
     </span>
     <span class='ocr_line' id='line_1_25' title="bbox 163 3222 1345 3295; baseline 0.005 -20"><span class='ocrx_word' id='word_1_197' title='bbox 163 3222 319 3276; x_wconf 77' lang='lat' dir='ltr'><strong>&#39;l&#39;rinummi</strong></span> <span class='ocrx_word' id='word_1_198' title='bbox 337 3223 429 3275; x_wconf 88' lang='lat' dir='ltr'><strong>initio:</strong></span> <span class='ocrx_word' id='word_1_199' title='bbox 451 3239 546 3275; x_wconf 84' lang='lat' dir='ltr'><strong>verum</strong></span> <span class='ocrx_word' id='word_1_200' title='bbox 565 3239 616 3275; x_wconf 83' lang='lat' dir='ltr'><strong>nec</strong></span> <span class='ocrx_word' id='word_1_201' title='bbox 635 3224 748 3277; x_wconf 88' lang='lat' dir='ltr'><strong>omnino</strong></span> <span class='ocrx_word' id='word_1_202' title='bbox 767 3225 802 3278; x_wconf 89' lang='lat' dir='ltr'><strong>ab</strong></span> <span class='ocrx_word' id='word_1_203' title='bbox 821 3226 861 3279; x_wconf 85' lang='lat' dir='ltr'><strong>eis</strong></span> <span class='ocrx_word' id='word_1_204' title='bbox 879 3242 950 3293; x_wconf 91' lang='lat' dir='ltr'><strong>qnae</strong></span> <span class='ocrx_word' id='word_1_205' title='bbox 968 3227 1209 3295; x_wconf 85' lang='lat' dir='ltr'><strong>praetermorem</strong></span> <span class='ocrx_word' id='word_1_206' title='bbox 1226 3227 1345 3281; x_wconf 71' lang='lat' dir='ltr'><strong>turn</strong></span> 
     </span>
     <span class='ocr_line' id='line_1_26' title="bbox 162 3306 1344 3380; baseline 0.007 -23"><span class='ocrx_word' id='word_1_207' title='bbox 162 3306 211 3361; x_wconf 77' lang='lat' dir='ltr'><strong>sed</strong></span> <span class='ocrx_word' id='word_1_208' title='bbox 235 3308 269 3360; x_wconf 88' lang='lat' dir='ltr'><strong>ab</strong></span> <span class='ocrx_word' id='word_1_209' title='bbox 293 3309 332 3359; x_wconf 91' lang='lat' dir='ltr'><strong>eis</strong></span> <span class='ocrx_word' id='word_1_210' title='bbox 356 3324 427 3375; x_wconf 85' lang='lat' dir='ltr'><strong>quae</strong></span> <span class='ocrx_word' id='word_1_211' title='bbox 453 3309 488 3361; x_wconf 86' lang='lat' dir='ltr'><strong>de</strong></span> <span class='ocrx_word' id='word_1_212' title='bbox 511 3325 601 3375; x_wconf 88' lang='lat' dir='ltr'><strong>more,</strong></span> <span class='ocrx_word' id='word_1_213' title='bbox 626 3309 700 3362; x_wconf 78' lang='lat' dir='ltr'><strong>iusta</strong></span> <span class='ocrx_word' id='word_1_214' title='bbox 717 3310 894 3365; x_wconf 85' lang='lat' dir='ltr'><strong>ratiocinatio</strong></span> <span class='ocrx_word' id='word_1_215' title='bbox 913 3311 1112 3380; x_wconf 88' lang='lat' dir='ltr'><strong>proficiscitur,</strong></span> <span class='ocrx_word' id='word_1_216' title='bbox 1136 3330 1189 3367; x_wconf 87' lang='lat' dir='ltr'><strong>noc</strong></span> <span class='ocrx_word' id='word_1_217' title='bbox 1207 3315 1236 3367; x_wconf 90' lang='lat' dir='ltr'><strong>in</strong></span> <span class='ocrx_word' id='word_1_218' title='bbox 1252 3308 1344 3367; x_wconf 76' lang='lat' dir='ltr'><strong>hd</strong></span> 
     </span>
     <span class='ocr_line' id='line_1_27' title="bbox 162 3392 1345 3465; baseline 0.005 -22"><span class='ocrx_word' id='word_1_219' title='bbox 162 3409 234 3461; x_wconf 72' lang='lat' dir='ltr'><strong>quam</strong></span> <span class='ocrx_word' id='word_1_220' title='bbox 253 3392 346 3462; x_wconf 79' lang='lat' dir='ltr'><strong>agitur</strong></span> <span class='ocrx_word' id='word_1_221' title='bbox 364 3410 461 3447; x_wconf 81' lang='lat' dir='ltr'><strong>caussa</strong></span> <span class='ocrx_word' id='word_1_222' title='bbox 479 3393 562 3447; x_wconf 83' lang='lat' dir='ltr'><strong>aliam</strong></span> <span class='ocrx_word' id='word_1_223' title='bbox 580 3394 651 3447; x_wconf 89' lang='lat' dir='ltr'><strong>illud</strong></span> <span class='ocrx_word' id='word_1_224' title='bbox 669 3395 770 3463; x_wconf 88' lang='lat' dir='ltr'><strong>ipsum,</strong></span> <span class='ocrx_word' id='word_1_225' title='bbox 789 3395 812 3448; x_wconf 86' lang='lat' dir='ltr'><strong>si</strong></span> <span class='ocrx_word' id='word_1_226' title='bbox 829 3396 958 3465; x_wconf 87' lang='lat' dir='ltr'><strong>cupidius</strong></span> <span class='ocrx_word' id='word_1_227' title='bbox 974 3397 1088 3452; x_wconf 82' lang='lat' dir='ltr'><strong>tantilla</strong></span> <span class='ocrx_word' id='word_1_228' title='bbox 1106 3415 1136 3452; x_wconf 87' lang='lat' dir='ltr'><strong>re</strong></span> <span class='ocrx_word' id='word_1_229' title='bbox 1155 3402 1345 3454; x_wconf 74' lang='lat' dir='ltr'><strong>uteremirn</strong></span> 
     </span>
     <span class='ocr_line' id='line_1_28' title="bbox 82 3478 1345 3554; baseline 0.006 -23"><span class='ocrx_word' id='word_1_230' title='bbox 82 3520 84 3524; x_wconf 91' lang='lat'>.</span> <span class='ocrx_word' id='word_1_231' title='bbox 163 3481 219 3531; x_wconf 80' lang='lat' dir='ltr'><strong>rim</strong></span> <span class='ocrx_word' id='word_1_232' title='bbox 237 3479 363 3541; x_wconf 86' lang='lat' dir='ltr'><strong>haberet,</strong></span> <span class='ocrx_word' id='word_1_233' title='bbox 382 3480 433 3532; x_wconf 84' lang='lat' dir='ltr'><strong>nisi</strong></span> <span class='ocrx_word' id='word_1_234' title='bbox 454 3481 485 3532; x_wconf 89' lang='lat' dir='ltr'><strong>nt</strong></span> <span class='ocrx_word' id='word_1_235' title='bbox 503 3497 558 3534; x_wconf 91' lang='lat' dir='ltr'><strong>non</strong></span> <span class='ocrx_word' id='word_1_236' title='bbox 577 3478 748 3545; x_wconf 79' lang='lat' dir='ltr'><strong>debilitaret,</strong></span> <span class='ocrx_word' id='word_1_237' title='bbox 767 3481 815 3534; x_wconf 89' lang='lat' dir='ltr'><strong>sed</strong></span> <span class='ocrx_word' id='word_1_238' title='bbox 834 3480 1014 3536; x_wconf 87' lang='lat' dir='ltr'><strong>confirmaret</strong></span> <span class='ocrx_word' id='word_1_239' title='bbox 1031 3486 1298 3554; x_wconf 69' lang='lat' dir='ltr'><strong>argumentatione</strong></span> <span class='ocrx_word' id='word_1_240' title='bbox 1309 3500 1345 3534; x_wconf 69' lang='lat'><strong>1:</strong></span> 
     </span>
     <span class='ocr_line' id='line_1_29' title="bbox 162 3566 1345 3639; baseline 0.003 -23"><span class='ocrx_word' id='word_1_241' title='bbox 162 3566 298 3618; x_wconf 86' lang='lat' dir='ltr'><strong>nostram:</strong></span> <span class='ocrx_word' id='word_1_242' title='bbox 323 3581 388 3617; x_wconf 88' lang='lat' dir='ltr'><strong>nam</strong></span> <span class='ocrx_word' id='word_1_243' title='bbox 412 3583 467 3632; x_wconf 90' lang='lat' dir='ltr'><strong>quo</strong></span> <span class='ocrx_word' id='word_1_244' title='bbox 490 3566 581 3617; x_wconf 79' lang='lat' dir='ltr'><strong>mimis</strong></span> <span class='ocrx_word' id='word_1_245' title='bbox 604 3566 688 3634; x_wconf 85' lang='lat' dir='ltr'><strong>spatii</strong></span> <span class='ocrx_word' id='word_1_246' title='bbox 706 3566 933 3636; x_wconf 84' lang='lat' dir='ltr'><strong>inscriptionibus</strong></span> <span class='ocrx_word' id='word_1_247' title='bbox 951 3567 1128 3634; x_wconf 87' lang='lat' dir='ltr'><strong>concedit-ur,</strong></span> <span class='ocrx_word' id='word_1_248' title='bbox 1146 3572 1225 3624; x_wconf 85' lang='lat' dir='ltr'><strong>tanto</strong></span> <span class='ocrx_word' id='word_1_249' title='bbox 1242 3569 1345 3639; x_wconf 81' lang='lat' dir='ltr'><strong>pIq</strong></span> 
     </span>
     <span class='ocr_line' id='line_1_30' title="bbox 164 3651 1345 3719; baseline 0.005 -18"><span class='ocrx_word' id='word_1_250' title='bbox 164 3667 292 3704; x_wconf 76' lang='lat' dir='ltr'><strong>versuum</strong></span> <span class='ocrx_word' id='word_1_251' title='bbox 312 3651 462 3718; x_wconf 82' lang='lat' dir='ltr'><strong>requiritur</strong></span> <span class='ocrx_word' id='word_1_252' title='bbox 481 3651 515 3703; x_wconf 87' lang='lat' dir='ltr'><strong>ad</strong></span> <span class='ocrx_word' id='word_1_253' title='bbox 534 3652 730 3719; x_wconf 84' lang='lat' dir='ltr'><strong>complendam</strong></span> <span class='ocrx_word' id='word_1_254' title='bbox 749 3653 974 3706; x_wconf 84' lang='lat' dir='ltr'><strong>membranarum</strong></span> <span class='ocrx_word' id='word_1_255' title='bbox 993 3671 1161 3708; x_wconf 85' lang='lat' dir='ltr'><strong>mensuram.</strong></span> <span class='ocrx_word' id='word_1_256' title='bbox 1180 3656 1345 3709; x_wconf 64' lang='lat' dir='ltr'><strong>Commi</strong></span> 
     </span>
     <span class='ocr_line' id='line_1_31' title="bbox 162 3735 1302 3805; baseline 0.005 -18"><span class='ocrx_word' id='word_1_257' title='bbox 162 3735 297 3789; x_wconf 87' lang='lat' dir='ltr'><strong>moranda</strong></span> <span class='ocrx_word' id='word_1_258' title='bbox 314 3738 408 3789; x_wconf 83' lang='lat' dir='ltr'><strong>autem</strong></span> <span class='ocrx_word' id='word_1_259' title='bbox 427 3735 496 3788; x_wconf 81' lang='lat' dir='ltr'><strong>haec</strong></span> <span class='ocrx_word' id='word_1_260' title='bbox 516 3737 683 3803; x_wconf 81' lang='lat' dir='ltr'><strong>patavinum,</strong></span> <span class='ocrx_word' id='word_1_261' title='bbox 697 3738 764 3805; x_wconf 87' lang='lat' dir='ltr'><strong>qnia</strong></span> <span class='ocrx_word' id='word_1_262' title='bbox 776 3738 844 3791; x_wconf 89' lang='lat' dir='ltr'><strong>talia</strong></span> <span class='ocrx_word' id='word_1_263' title='bbox 862 3755 921 3791; x_wconf 85' lang='lat' dir='ltr'><strong>esse</strong></span> <span class='ocrx_word' id='word_1_264' title='bbox 934 3755 1006 3805; x_wconf 84' lang='lat' dir='ltr'><strong>quac</strong></span> <span class='ocrx_word' id='word_1_265' title='bbox 1025 3739 1106 3793; x_wconf 87' lang='lat' dir='ltr'><strong>nobis</strong></span> <span class='ocrx_word' id='word_1_266' title='bbox 1123 3741 1233 3795; x_wconf 85' lang='lat' dir='ltr'><strong>obiecta</strong></span> <span class='ocrx_word' id='word_1_267' title='bbox 1247 3758 1302 3793; x_wconf 70' lang='lat' dir='ltr'><strong>sa</strong></span> 
     </span>
     <span class='ocr_line' id='line_1_32' title="bbox 162 3820 1345 3894; baseline 0.005 -23"><span class='ocrx_word' id='word_1_268' title='bbox 162 3820 260 3889; x_wconf 85' lang='lat' dir='ltr'><strong>hisque</strong></span> <span class='ocrx_word' id='word_1_269' title='bbox 284 3822 370 3874; x_wconf 87' lang='lat' dir='ltr'><strong>ctiam</strong></span> <span class='ocrx_word' id='word_1_270' title='bbox 393 3821 532 3888; x_wconf 78' lang='lat' dir='ltr'><strong>ineptiora</strong></span> <span class='ocrx_word' id='word_1_271' title='bbox 556 3823 746 3875; x_wconf 80' lang='lat' dir='ltr'><strong>meminimus:</strong></span> <span class='ocrx_word' id='word_1_272' title='bbox 771 3823 866 3891; x_wconf 84' lang='lat' dir='ltr'><strong>qualia</strong></span> <span class='ocrx_word' id='word_1_273' title='bbox 883 3823 906 3875; x_wconf 91' lang='lat' dir='ltr'><strong>si</strong></span> <span class='ocrx_word' id='word_1_274' title='bbox 924 3823 1038 3876; x_wconf 86' lang='lat' dir='ltr'><strong>uberius</strong></span> <span class='ocrx_word' id='word_1_275' title='bbox 1056 3826 1264 3894; x_wconf 85' lang='lat' dir='ltr'><strong>explicemus,·</strong></span> <span class='ocrx_word' id='word_1_276' title='bbox 1338 3863 1345 3877; x_wconf 87' lang='lat'><em>.</em></span> 
     </span>
     <span class='ocr_line' id='line_1_33' title="bbox 163 3906 1341 3979; baseline 0.002 -21"><span class='ocrx_word' id='word_1_277' title='bbox 163 3907 280 3960; x_wconf 81' lang='lat' dir='ltr'><strong>rendum</strong></span> <span class='ocrx_word' id='word_1_278' title='bbox 299 3908 336 3959; x_wconf 87' lang='lat' dir='ltr'><strong>sit</strong></span> <span class='ocrx_word' id='word_1_279' title='bbox 353 3925 387 3958; x_wconf 79' lang='lat' dir='ltr'><strong>m·</strong></span> <span class='ocrx_word' id='word_1_280' title='bbox 407 3906 524 3959; x_wconf 78' lang='lat' dir='ltr'><strong>edocere</strong></span> <span class='ocrx_word' id='word_1_281' title='bbox 538 3907 610 3959; x_wconf 79' lang='lat' dir='ltr'><strong>vello</strong></span> <span class='ocrx_word' id='word_1_282' title='bbox 629 3925 731 3975; x_wconf 85' lang='lat' dir='ltr'><strong>pueros</strong></span> <span class='ocrx_word' id='word_1_283' title='bbox 749 3908 902 3962; x_wconf 80' lang='lat' dir='ltr'><strong>videamur.</strong></span> <span class='ocrx_word' id='word_1_284' title='bbox 916 3910 958 3961; x_wconf 82' lang='lat' dir='ltr'><strong>An</strong></span> <span class='ocrx_word' id='word_1_285' title='bbox 972 3909 1035 3977; x_wconf 89' lang='lat' dir='ltr'><strong>quis</strong></span> <span class='ocrx_word' id='word_1_286' title='bbox 1052 3910 1125 3963; x_wconf 87' lang='lat' dir='ltr'><strong>serio</strong></span> <span class='ocrx_word' id='word_1_287' title='bbox 1143 3908 1341 3979; x_wconf 66' lang='lat' dir='ltr'><strong>postulat-53</strong></span> 
     </span>
     <span class='ocr_line' id='line_1_34' title="bbox 162 3991 1345 4050; baseline 0.006 -7"><span class='ocrx_word' id='word_1_288' title='bbox 162 3996 194 4044; x_wconf 89' lang='lat' dir='ltr'><strong>nt</strong></span> <span class='ocrx_word' id='word_1_289' title='bbox 213 3993 449 4045; x_wconf 81' lang='lat' dir='ltr'><strong>undevicenorum</strong></span> <span class='ocrx_word' id='word_1_290' title='bbox 474 4010 602 4044; x_wconf 86' lang='lat' dir='ltr'><strong>versuum</strong></span> <span class='ocrx_word' id='word_1_291' title='bbox 627 3994 811 4048; x_wconf 74' lang='lat' dir='ltr'><strong>constantiam</strong></span> <span class='ocrx_word' id='word_1_292' title='bbox 831 3994 1054 4048; x_wconf 87' lang='lat' dir='ltr'><strong>demonstremus</strong></span> <span class='ocrx_word' id='word_1_293' title='bbox 1071 4012 1127 4048; x_wconf 90' lang='lat' dir='ltr'><strong>non</strong></span> <span class='ocrx_word' id='word_1_294' title='bbox 1146 3995 1240 4050; x_wconf 80' lang='lat' dir='ltr'><strong>violari</strong></span> <span class='ocrx_word' id='word_1_295' title='bbox 1300 3991 1345 4043; x_wconf 75' lang='lat' dir='ltr'><strong>i</strong></span> 
     </span>
     <span class='ocr_line' id='line_1_35' title="bbox 163 4076 1345 4148; baseline 0.008 -23"><span class='ocrx_word' id='word_1_296' title='bbox 163 4076 238 4141; x_wconf 65' lang='lat' dir='ltr'><strong>(quod</strong></span> <span class='ocrx_word' id='word_1_297' title='bbox 257 4079 306 4129; x_wconf 87' lang='lat' dir='ltr'><strong>aut</strong></span> <span class='ocrx_word' id='word_1_298' title='bbox 327 4078 454 4130; x_wconf 82' lang='lat' dir='ltr'><strong>consulto</strong></span> <span class='ocrx_word' id='word_1_299' title='bbox 477 4078 605 4130; x_wconf 85' lang='lat' dir='ltr'><strong>librarius</strong></span> <span class='ocrx_word' id='word_1_300' title='bbox 623 4080 798 4146; x_wconf 86' lang='lat' dir='ltr'><strong>quorundam</strong></span> <span class='ocrx_word' id='word_1_301' title='bbox 817 4096 946 4133; x_wconf 85' lang='lat' dir='ltr'><strong>versuum</strong></span> <span class='ocrx_word' id='word_1_302' title='bbox 966 4081 1058 4148; x_wconf 87' lang='lat' dir='ltr'><strong>spatia</strong></span> <span class='ocrx_word' id='word_1_303' title='bbox 1075 4080 1345 4148; x_wconf 70' lang='lat' dir='ltr'><strong>vacuareliq13</strong></span> 
     </span>
     <span class='ocr_line' id='line_1_36' title="bbox 164 4162 1235 4237; baseline 0.007 -26"><span class='ocrx_word' id='word_1_304' title='bbox 164 4162 213 4213; x_wconf 88' lang='lat' dir='ltr'><strong>ant</strong></span> <span class='ocrx_word' id='word_1_305' title='bbox 229 4163 386 4215; x_wconf 85' lang='lat' dir='ltr'><strong>inconsulto</strong></span> <span class='ocrx_word' id='word_1_306' title='bbox 405 4163 506 4229; x_wconf 85' lang='lat' dir='ltr'><strong>omissa</strong></span> <span class='ocrx_word' id='word_1_307' title='bbox 523 4166 623 4231; x_wconf 84' lang='lat' dir='ltr'><strong>poetae</strong></span> <span class='ocrx_word' id='word_1_308' title='bbox 643 4165 729 4218; x_wconf 88' lang='lat' dir='ltr'><strong>verba</strong></span> <span class='ocrx_word' id='word_1_309' title='bbox 746 4165 924 4234; x_wconf 89' lang='lat' dir='ltr'><strong>postmodum</strong></span> <span class='ocrx_word' id='word_1_310' title='bbox 942 4166 1001 4219; x_wconf 84' lang='lat' dir='ltr'><strong>sive</strong></span> <span class='ocrx_word' id='word_1_311' title='bbox 1020 4167 1048 4218; x_wconf 93' lang='lat' dir='ltr'><strong>in</strong></span> <span class='ocrx_word' id='word_1_312' title='bbox 1067 4166 1235 4237; x_wconf 79' lang='lat' dir='ltr'><strong>marginibus</strong></span> 
     </span>
     <span class='ocr_line' id='line_1_37' title="bbox 165 4245 1241 4316; baseline 0.004 -19"><span class='ocrx_word' id='word_1_313' title='bbox 165 4245 237 4298; x_wconf 88' lang='lat' dir='ltr'><strong>didit</strong></span> <span class='ocrx_word' id='word_1_314' title='bbox 259 4248 316 4300; x_wconf 78' lang='lat' dir='ltr'><strong>sive</strong></span> <span class='ocrx_word' id='word_1_315' title='bbox 340 4248 367 4300; x_wconf 91' lang='lat' dir='ltr'><strong>in</strong></span> <span class='ocrx_word' id='word_1_316' title='bbox 391 4249 480 4316; x_wconf 89' lang='lat' dir='ltr'><strong>ipsam</strong></span> <span class='ocrx_word' id='word_1_317' title='bbox 503 4268 548 4301; x_wconf 80' lang='lat' dir='ltr'><strong>mx</strong></span> <span class='ocrx_word' id='word_1_318' title='bbox 571 4268 701 4302; x_wconf 82' lang='lat' dir='ltr'><strong>versuum</strong></span> <span class='ocrx_word' id='word_1_319' title='bbox 724 4252 940 4304; x_wconf 87' lang='lat' dir='ltr'><strong>continuitatem</strong></span> <span class='ocrx_word' id='word_1_320' title='bbox 961 4251 1124 4305; x_wconf 87' lang='lat' dir='ltr'><strong>minusculis</strong></span> <span class='ocrx_word' id='word_1_321' title='bbox 1145 4251 1241 4304; x_wconf 86' lang='lat' dir='ltr'><strong>litteris</strong></span> 
     </span>
     <span class='ocr_line' id='line_1_38' title="bbox 165 4331 1135 4405; baseline 0.009 -24"><span class='ocrx_word' id='word_1_322' title='bbox 165 4331 261 4381; x_wconf 58' lang='lat' dir='ltr'><strong>lor-sim</strong></span> <span class='ocrx_word' id='word_1_323' title='bbox 280 4351 449 4400; x_wconf 75' lang='lat' dir='ltr'><strong>‹pniniqimm</strong></span> <span class='ocrx_word' id='word_1_324' title='bbox 469 4335 495 4385; x_wconf 91' lang='lat' dir='ltr'><strong>id</strong></span> <span class='ocrx_word' id='word_1_325' title='bbox 515 4336 619 4388; x_wconf 73' lang='lat' dir='ltr'><strong>lactum</strong></span> <span class='ocrx_word' id='word_1_326' title='bbox 639 4338 681 4388; x_wconf 77' lang='lat' dir='ltr'><strong>est</strong></span> <span class='ocrx_word' id='word_1_327' title='bbox 699 4338 834 4405; x_wconf 83' lang='lat' dir='ltr'><strong>exemplis</strong></span> <span class='ocrx_word' id='word_1_328' title='bbox 851 4337 935 4405; x_wconf 78' lang='lat' dir='ltr'><strong>longe</strong></span> <span class='ocrx_word' id='word_1_329' title='bbox 954 4337 1135 4403; x_wconf 84' lang='lat' dir='ltr'><strong>paucissimis.</strong></span> 
     </span>
    </p>
   </div>
   <div class='ocr_carea' id='block_1_6' title="bbox 0 0 1474 5452">
    <p class='ocr_par' dir='ltr' id='par_1_7' title="bbox 0 0 1474 5452">
     <span class='ocr_line' id='line_1_39' title="bbox 0 0 1474 5452; baseline 0 0"><span class='ocrx_word' id='word_1_330' title='bbox 0 0 1474 5452; x_wconf 95' lang='lat' dir='ltr'><strong> </strong></span> 
     </span>
    </p>
   </div>
  </div>
 </body>
</html>
