2932 5452
235 350 298 413 162
710 345 895 402 69666616
1232 350 1379 402 sss-ros

242 510 263 562 Ι
275 527 306 579 p.
322 512 385 565 224.
419 508 469 562 Vis
488 524 560 577 quae
578 508 637 562 uim
656 508 777 562 Ra'aitu.
810 506 889 572 Quae
906 505 966 560 uim
984 506 1167 562 Francorum
1184 507 1203 562 1.
1221 522 1243 561 r.
1261 522 1285 561 s.
1300 522 1332 575 p.
1346 510 1379 560 61

235 620 267 629 -
297 589 337 644 mi
361 589 452 658 adigit
475 587 599 642 adferam
627 588 690 657 ipsa
712 587 905 642 Fleckeiseuue
928 592 993 656 port
1015 586 1143 642 Reirc‘um
1167 591 1267 657 septam
1297 585 1380 642 iareb.

232 671 404 725 conuocare.
437 671 476 723 Ar
494 669 528 735 cs.
545 669 723 722 Hermaauus
741 667 789 721 El.
808 668 835 722 d.
854 684 888 721 m.
899 685 929 737 p.
945 671 1007 722 164.
1025 670 1091 733 209,
1109 667 1272 737 Spcupcla'us
1288 665 1321 721 Τ.
1337 666 1380 721 II.

235 748 268 801 P.
284 766 313 818 p.
335 754 398 805 152.
437 749 524 815 ‘Rufi’
542 765 571 817 p.
591 752 618 814 3,
637 748 775 803 Christr'us
795 747 880 802 ‘mua
899 747 988 801 Bem'
1009 747 1099 815 (acad.
1114 747 1230 802 Monac.
1249 765 1276 802 a
1297 747 1382 815 18⁷1)

228 844 258 896 p.
279 834 324 883 50.
363 830 487 885 ‘Metr.’²
501 845 531 897 p.
551 832 624 894 263,
646 827 812 881 Rrbbecbr'us
829 833 899 895 aaa
918 825 1032 896 frama.¹
1046 843 1077 896 p.
1098 825 1254 882 XXXIII
1270 825 1383 895 (Stude-

232 910 351 963 muudus
368 910 474 964 Auual.
494 909 564 978 phu.
586 907 701 961 XCIII
719 924 750 976 p.
770 909 825 976 57).
862 906 918 961 Sed
930 912 996 976 post
1017 904 1102 960 nimis
1124 906 1247 976 inepta's
1264 910 1319 960 aut
1335 920 1382 959 me

232 986 296 1040 uide
322 990 495 1058 repetendum
523 994 573 1043 aut
595 988 649 1041 tale
670 988 740 1057 quid
761 983 918 1042 addendum
940 1001 995 1042 esse
1016 986 1138 1054 uidetur,
1164 1003 1217 1056 quo
1240 986 1383 1054 rosmodae

231 1084 255 1121 o.
276 1071 333 1123 682
351 1071 411 1137 (ubi
429 1085 473 1123 me
492 1068 622 1122 miseram
640 1067 773 1136 Reisiue).

304 1154 364 1203 683.
384 1149 554 1218 Ampalr'scae
572 1150 645 1202 buuc
667 1164 691 1202 o.
711 1148 787 1202 dedit
804 1147 1004 1203 Fleckeiscuue
1029 1178 1061 1187 —
1085 1145 1125 1202 mi
1144 1145 1296 1203 Trachalio
1315 1146 1382 1202 acts

232 1226 302 1282 haec
320 1229 471 1284 Beutlcius.
508 1225 659 1282 Trachalio
678 1226 748 1280 haec
767 1229 832 1281 acta
849 1228 973 1283 Caietae.

303 1312 364 1361 664.
383 1324 457 1362 6666
474 1307 535 1377 pati
553 1306 683 1362 lenonem
702 1306 730 1360 in
744 1323 790 1360 me
804 1308 924 1362 crassari
938 1308 1065 1378 Pylades.
1092 1309 1168 1363 hunc
1181 1306 1244 1378 pati
1256 1305 1381 1376 gruum

231 1387 359 1442 lenonem
382 1387 411 1441 in
435 1404 480 1442 me
500 1387 682 1442 Camerarius.
719 1387 779 1455 pati
802 1388 924 1455 grassmi
946 1387 976 1442 in
993 1403 1039 1442 me
1060 1387 1190 1443 lenonem
1211 1389 1274 1456 (auu
1293 1387 1381 1455 6666)

231 1467 351 1522 Rarius.
387 1468 449 1538 pati
472 1468 547 1522 huuc
568 1465 699 1521 lenonem
716 1465 746 1520 in
765 1482 835 1521 me.
855 1509 888 1522 ..
908 1484 969 1523 aum
991 1469 1146 1538 aposiopeai
1166 1483 1315 1537 aarum
1335 1467 1381 1521 de·

227 1549 304 1619 seetu
321 1548 447 1603 Baebius.
484 1548 560 1603 Saue
577 1547 698 1617 grassari
716 1547 789 1616 quod
805 1547 977 1602 retimuruut
996 1549 1089 1615 cotem,
1107 1549 1159 1602 bac
1175 1547 1382 1620 sipmfieatioru

230 1630 342 1696 lauerat
350 1628 484 1683 Plautus:
494 1628 584 1698 poser‘s
593 1626 716 1682 saeuire:
729 1626 776 1680 sed
781 1631 906 1695 praestat
914 1625 1097 1683 malefacere.-
1110 1629 1145 1696 af.
1156 1628 1257 1698 Ampb.
1268 1630 1333 1694 134,
1341 1627 1381 1681 al.

303 1794 362 1843 686.
382 1791 478 1844 tarum
496 1792 528 1843 ut
544 1789 663 1844 miserae
683 1787 804 1858 Pylades
820 1788 935 1858 itemque
953 1790 997 1843 est
1009 1792 1074 1857 poet
1091 1790 1216 1844 mentem
1234 1788 1302 1844 add.
1320 1787 1380 1844 Bo-

230 1867 313 1925 thius.
347 1870 389 1936 Cf.
403 1870 573 1925 larebbertus
587 1868 667 1923 Stud.
681 1883 795 1936 oramm.
811 1867 854 1919 II
863 1883 892 1936 p.
906 1871 992 1938 4666.
1012 1899 1045 1909 -
1064 1867 1183 1925 miserm
1197 1868 1284 1924 modo
1301 1867 1382 1922 uenit

231 1947 260 2001 in
279 1951 415 2017 mentem,
434 1967 469 2004 m.
489 1968 526 2004 m.
546 1967 582 2003 m.
601 1966 637 2001 m.
658 1945 697 2002 E.

302 2034 363 2082 686.
378 2029 445 2084 Post
454 2030 545 2083 metus
555 2028 686 2082 distium't
696 2025 881 2095 Camerarius,
889 2033 953 2096 post
962 2029 1060 2083 mortis
1070 2028 1235 2085 Lambinus.
1250 2031 1379 2099 occupat.

231 2108 287 2161 Ta.
307 2109 425 2178 aedepol
443 2109 497 2164 hoc
518 2108 646 2178 Pylades.
675 2107 802 2176 occupat.
840 2106 940 2177 edepol
960 2108 1013 2162 hoc
1032 2109 1090 2163 ΤΒ.
1109 2110 1246 2177 Botlu'us,
1264 2111 1380 2178 umque

232 2190 275 2242 est
294 2194 359 2257 post
382 2189 483 2259 edepol
506 2189 570 2244 add.
589 2188 746 2243 Beuoisius.
783 2190 904 2256 occupat
926 2188 1035 2258 edepol.
1058 2188 1115 2243 TR.
1135 2189 1189 2244 etsi
1211 2189 1267 2244 hoc
1287 2188 1379 2243 Came·

231 2270 328 2323 rarius
345 2270 430 2338 (mide
448 2271 526 2324 metu
544 2269 671 2323 membra
687 2271 749 2336 poet
767 2265 869 2336 edepol
889 2268 998 2323 traiecit
1010 2268 1143 2339 Rarius).
1170 2271 1300 2339 occupat
1320 2267 1379 2322 ΤΒ.

230 2348 331 2417 edepol
350 2366 520 2418 quamquam
539 2349 592 2404 hoc
610 2347 809 2413 Fuckeismus.
842 2345 884 2412 Cf.
901 2349 991 2415 praes.

302 2434 363 2483 687.
388 2431 479 2484 unde?
511 2429 569 2484 TR.
595 2428 670 2482 intus
698 2426 769 2481 inibi
795 2427 939 2482 inuenitur
960 2427 1125 2483 Saracenas.
1166 2427 1241 2483 unde
1269 2427 1380 2482 animm

229 2508 299 2563 mihi
317 2507 479 2563 inueniatur
499 2507 628 2577 Pylades.
666 2506 738 2561 unde
761 2507 871 2562 animus
894 2506 983 2562 mihi?
1016 2507 1074 2562 ΤΒ.
1093 2508 1255 2563 inuenietur
1272 2509 1380 2562 Acida-

229 2590 285 2642 1666
302 2588 370 2643 Dio.
385 2606 416 2658 p.
434 2592 497 2643 439.
535 2588 609 2641 unde
631 2603 706 2641 nunc
728 2587 768 2641 mi
790 2588 814 2642 is
832 2589 993 2643 inueniatur
1009 2588 1136 2643 BoCu'us.
1173 2589 1248 2642 unda
1267 2588 1379 2643 animus

230 2668 318 2723 bonus
337 2668 376 2721 mi
394 2667 536 2721 inuenitur
552 2666 751 2721 Fleckeisemus.
778 2668 851 2722 unde
870 2670 959 2723 bonus
977 2668 1087 2723 animus
1101 2669 1132 2738 (l)
1150 2668 1220 2722 mihi
1234 2666 1380 2723 inuenitur

233 2747 384 2818 Vesiapius.
428 2747 468 2815 Cf.
495 2747 594 2802 Pseud.
614 2764 638 2801 o.
657 2751 715 2801 866
723 2761 761 2815 sq.
786 2752 866 2803 1095.
915 2749 945 2803 V.
966 2753 1017 2803 688
1041 2748 1070 2802 iu
1098 2749 1152 2804 hac
1173 2763 1223 2802 ara
1247 2747 1379 2818 Pylades.

229 2828 258 2880 in
277 2845 354 2882 aram
374 2828 557 2882 Camerarius.
587 2827 628 2894 Cf.
643 2827 794 2896 Laupmus
809 2828 854 2881 Pl.
869 2827 949 2882 erae.
964 2845 994 2897 p.
1010 2832 1074 2884 312.
1109 2827 1153 2882 De
1171 2845 1266 2882 sumus
1284 2845 1311 2882 o.
1327 2834 1380 2881 696

229 2924 279 2961 om.
306 2910 341 2974 cs.
366 2908 486 2961 Brimus
516 2906 625 2962 ‘Zscbu
648 2907 668 2972 s.
693 2907 729 2960 A.
759 2906 813 2960 W)
840 2925 865 2961 a.
886 2911 961 2962 1855
982 2925 1011 2977 p.
1036 2913 1086 2976 71,
1113 2908 1280 2963 Rabbeols'us
1307 2913 1379 2978 trop.

228 2987 341 3055 fream.²
357 3005 385 3056 p.
408 2988 498 3040 XXI.

303 3074 363 3121 692.
383 3067 494 3121 moenia
513 3067 583 3121 haec
602 3068 654 3134 (vel
672 3066 742 3134 hiel:
763 3067 828 3121 hino
847 3082 900 3137 ego
919 3084 970 3122 uos
989 3068 1152 3124 Lambinus.
1180 3067 1294 3122 moenia
1312 3066 1380 3121 hinc

231 3164 283 3215 ego
303 3147 445 3202 Meursiue
463 3147 564 3201 Exere.
588 3163 625 3201 or.
646 3147 667 3199 I
680 3163 710 3214 p.
729 3149 793 3203 225.
835 3148 947 3202 moenia
969 3148 1056 3203 hunc:
1080 3165 1133 3218 ego
1156 3164 1207 3202 uos
1230 3147 1381 3201 Acidaliae

230 3228 294 3283 Dio.
309 3245 340 3297 p.
359 3232 420 3282 429.
458 3227 569 3281 moenia
587 3228 652 3281 hino
674 3243 727 3295 ego
746 3228 844 3280 uostra
862 3227 1005 3284 Crmerus.
1044 3228 1087 3296 Cf.
1103 3227 1193 3296 praef.
1227 3225 1258 3283 V.
1277 3232 1331 3281 693
1351 3229 1382 3281 66

231 3307 360 3361 maliciae
380 3308 507 3378 szaaa.

301 3393 362 3442 694.
381 3387 429 3440 ted
455 3387 643 3455 Camerarius,
665 3388 737 3456 quod
759 3388 879 3444 retiueus
902 3391 931 3442 66
953 3389 1004 3444 del.
1025 3387 1156 3457 Cuictm,
1182 3387 1260 3443 ulma
1282 3387 1379 3443 Venus

230 3469 338 3523 traiecit
356 3468 477 3522 Reiaiue.

301 3555 361 3602 696.
386 3548 444 3602 Nos
467 3548 494 3601 in
520 3546 676 3602 custodiam
699 3549 775 3602 tuam
794 3551 826 3600 66
846 3548 1021 3604 Camerarius
1039 3550 1082 3617 (In
1101 3548 1259 3604 custodiam
1278 3566 1331 3604 nos
1349 3551 1380 3601 ut

229 3631 306 3682 tuam
326 3629 464 3698 Pylades).
502 3626 677 3682 custodelam
700 3629 923 3697 rediutepraruut
943 3627 1091 3694 Gruterus,
1113 3629 1252 3698 Berplu'us
1271 3629 1378 3683 ‘Zsabu

229 3710 249 3774 s.
270 3710 305 3763 A.
331 3709 386 3762 W.’
407 3727 432 3762 a.
453 3712 526 3762 1834
542 3724 570 3776 p.
591 3712 665 3761 1006
682 3713 706 3762 et
727 3708 825 3777 Opusc.
847 3710 868 3760 I
881 3726 911 3777 p.
931 3714 966 3763 19
985 3709 1050 3762 adu.
1070 3713 1097 3775 9,
1115 3709 1175 3763 azir.

300 3795 352 3843 698
361 3806 414 3858 sqq.
440 3788 572 3856 cispellas
595 3789 693 3843 tueare
715 3806 821 3857 nosque
846 3788 935 3843 Valla.
973 3786 1116 3856 disperdas
1139 3803 1274 3844 arenosos
1297 3788 1376 3844 Pius.

229 3871 258 3922 ct
281 3869 341 3922 ausi
364 3871 428 3922 6666
453 3868 560 3922 uiolare
585 3884 635 3920 uos
657 3869 783 3937 Pylades.
823 3870 894 3923 Moa
916 3869 1029 3922 Patiare
1053 3883 1125 3936 quae
1148 3869 1260 3924 elautae
1285 3885 1381 3924 sumus

230 3952 291 4009 (om.
310 3948 421 4017 ambae)
440 3948 560 4003 Reirius.
598 3948 752 4018 Amplexae
775 3949 893 4002 miserae
918 3948 1017 4002 ambae
1037 3963 1130 4001 sumus
1154 3948 1216 4016 (om.
1236 3948 1379 4015 obsidere)

230 4026 355 4095 Pylades.
382 4026 491 4082 Vuidae
510 4028 610 4082 ambae
630 4045 723 4082 sumus
739 4030 817 4085 Pius.
842 4028 873 4082 V.
890 4034 941 4082 700
956 4028 1031 4081 Bene
1044 4026 1149 4081 habeas
1166 4026 1246 4082 Pius.
1265 4027 1381 4082 Eiectos

208 4105 354 4172 ,perditos
372 4106 468 4161 666666
488 4108 590 4161 666666
612 4106 741 4177 Pylades.
770 4110 868 4178 Neque
887 4108 1035 4176 indignum
1054 4106 1159 4162 habeas
1176 4106 1308 4162 Bothius.
1338 4107 1382 4160 Ne

230 4183 347 4237 miserus
365 4187 416 4252 (uel
434 4185 515 4255 uilos)
534 4189 639 4241 666666
657 4185 690 4241 Θ
709 4190 778 4242 ocul.
800 4189 978 4242 Tlr'elmarmo
996 4189 1028 4242 iu
1053 4185 1206 4254 Woelfflr’m'
1220 4187 1329 4243 Arabio
1342 4188 1384 4241 II

225 4282 257 4332 p.
281 4268 343 4318 377.
373 4269 437 4318 382.
485 4267 515 4320 V.
542 4273 591 4321 701
616 4268 707 4321 minus
731 4286 815 4336 quam
841 4269 922 4322 decet
950 4268 1058 4320 lautum
1087 4266 1224 4322 arbitrare
1248 4268 1381 4338 Pylades.

229 4343 321 4397 minus
341 4344 411 4397 6666
430 4347 504 4412 quod
524 4347 631 4399 lautum
651 4365 712 4401 6666
737 4352 769 4401 66
788 4347 923 4403 arbitrere
943 4347 1064 4400 Reiciue.
1101 4345 1192 4401 miuus
1211 4348 1289 4416 quod
1309 4348 1382 4402 bene

228 4440 302 4477 nunc
326 4425 432 4477 lautum
457 4442 516 4478 6666
541 4427 676 4480 arbitrere
700 4429 825 4483 Botbius.
873 4428 903 4479 V.
929 4432 989 4482 ⁵102.
1014 4426 1142 4496 Aequum
1171 4429 1256 4482 hasce
1283 4431 1383 4498 petere

230 4504 406 4559 Camerarius
429 4504 566 4574 (Aequum
592 4508 675 4560 66666
700 4508 835 4579 intellego
855 4508 950 4577 petere
972 4506 1108 4577 Guietus).
1146 4506 1276 4576 Aequum
1296 4509 1382 4562 hasco
