2932 5452
164 338 205 377 xx
630 308 837 366 ermenero

166 473 194 537 si
218 473 482 538 animadverteris
510 473 594 537 idem
621 477 697 558 post
724 495 845 559 paucos
868 495 979 539 versus
1006 496 1182 540 recurrere.
1223 473 1295 540 Nan

165 602 194 645 v.
208 582 273 645 312
287 581 319 644 Α
339 581 506 645 emendate
525 580 614 645 dedit
632 582 862 664 cmirrpuinrini
879 580 1049 665 (ecbibitis)
1067 603 1129 666 pro
1145 582 1297 665 mapale

164 688 258 752 rrrole
279 688 427 771 (scieritis),
451 710 522 752 cum
542 710 569 751 v.
585 688 650 751 315
672 687 745 752 boec
764 688 851 768 secto
873 684 931 774 (=
953 686 1030 753 baec
1049 686 1230 775 malefacta)
1249 689 1298 752 ite

164 792 300 879 retur¹):
329 798 443 858 contra
470 816 508 858 ex
537 794 618 877 ipsis
645 795 726 858 arcini
747 814 785 858 ec
808 794 945 877 syllabis
969 795 1033 861 boc
1055 796 1131 861 loco
1153 817 1212 879 per
1231 794 1300 859 aaa

164 900 297 966 deiectis
321 901 548 966 declarandum
572 905 630 985 est,
653 900 737 985 quod
762 900 874 966 eodem
894 925 922 966 v.
936 902 1003 966 315
1025 924 1087 988 pro
1110 902 1208 988 (ianr)
1227 902 1299 986 osi·

164 1009 239 1072 clera
261 1007 367 1091 (ercle)
390 1008 601 1072 substitutum
626 1011 675 1072 est
696 1006 793 1091 (iarn)
815 994 911 1073 entire
932 1008 1114 1093 afferma).

252 1114 322 1179 lam
346 1116 474 1180 cumin
502 1114 613 1199 paucis
641 1114 744 1199 foliis,
772 1115 828 1179 ubi
852 1114 1012 1181 Palatinis
1035 1116 1094 1182 lux
1122 1115 1246 1182 affulsit
1267 1137 1298 1181 ex

166 1222 374 1287 Ambrosiani
404 1221 614 1304 testimoniis,
645 1224 697 1285 tot
727 1220 790 1286 loci
821 1220 1045 1287 demonstrent
1077 1222 1141 1289 boc
1175 1222 1298 1288 maxine

165 1329 404 1413 depravationis
427 1349 529 1413 genus
552 1332 736 1413 grassatum
764 1349 849 1411 esse,
876 1328 1027 1413 quisnam
1054 1329 1193 1415 negabit
1213 1330 1299 1395 etiam

164 1436 233 1501 sine
252 1436 329 1500 libri
348 1435 541 1520 antiquioris
564 1434 634 1500 face
658 1434 856 1518 similia'pcr
880 1436 1139 1519 corruptelarum
1161 1436 1297 1504 tenebras

164 1542 349 1628 indaganda
374 1543 465 1607 esse?
503 1542 608 1619 Quare
632 1542 688 1605 ubi
711 1541 767 1605 ubi
791 1542 994 1607 commodum
1018 1544 1096 1628 erit,
1118 1564 1159 1610 ex
1181 1545 1239 1611 hac
1257 1566 1296 1610 ra·

163 1651 252 1714 tione
276 1649 388 1715 licebit
410 1648 581 1733 proficisci.
626 1647 726 1712 Velut
754 1649 865 1712 statim
894 1653 969 1732 post
991 1671 1021 1714 v.
1041 1651 1120 1733 318,
1142 1674 1234 1737 quem
1254 1674 1295 1715 ex·

163 1759 302 1821 tremum
335 1755 368 1819 in
400 1756 457 1820 illa
489 1777 606 1820 scaena
635 1754 792 1819 babemus
824 1755 865 1818 ab
894 1740 1116 1822 Ambrosiano
1147 1762 1294 1835 testatum,

162 1863 223 1928 has
236 1863 418 1927 invenimus
433 1862 603 1927 verborum
618 1862 766 1927 lacinias:
789 1862 858 1926 uidi
875 1862 1012 1943 maidens
1029 1863 1176 1928 earnem
1193 1866 1293 1929 iatum

163 1972 298 2035 domito
320 1972 390 2051 ficri
412 1973 501 2050 atqle
523 1969 605 2034 olias
623 1968 733 2033 bclww.
775 1966 841 2031 Vbi
864 1971 1037 2053 postquam
1061 1971 1237 2054 itamaros,
1254 1972 1292 2035 ie·

162 2097 304 2160 creamur,
327 2096 437 2157 eorem
459 2075 581 2140 frustra
605 2079 806 2158 temptarunt
828 2074 975 2139 homines
1004 2075 1108 2160 docti,
1136 2078 1224 2161 quasi
1242 2076 1292 2141 hae

163 2180 301 2247 ‘beluae'
325 2183 399 2264 siut,
421 2180 488 2245 iam
511 2182 656 2265 plerique
680 2202 792 2246 omnes
811 2180 1001 2246 deleverunt
1018 2180 1177 2248 disertam
1195 2183 1290 2249 beluac

164 2290 299 2354 alicuius
328 2289 525 2353 mentionem
553 2310 625 2352 cum
654 2287 772 2352 Bothio
799 2309 892 2370 ucqaac
918 2310 977 2371 pro
1005 2294 1097 2372 utque
1132 2290 1288 2355 scribentes

162 2397 325 2480 prioribus
354 2393 441 2461 'varie
470 2399 583 2479 satque
612 2396 714 2460 libere
743 2395 937 2460 constitutis
993 2395 1086 2472 Quod
1115 2398 1210 2481 plane
1232 2418 1289 2482 pcr-

165 2525 294 2568 versum
318 2508 376 2567 est.
417 2501 503 2567 Nam
527 2524 599 2565 cum
624 2501 796 2567 antecedat
818 2503 909 2566 illum
931 2523 1037 2585 spero
1061 2505 1211 2570 inmorari
1224 2508 1287 2586 pole,

165 2610 255 2693 sequi
279 2613 389 2695 potest
412 2609 479 2672 uidi
501 2610 594 2672 ctiam
616 2609 698 2675 alios
720 2610 852 2674 dornitos
872 2610 955 2693 ficri,
978 2632 1046 2674 non
1069 2615 1178 2695 potest
1196 2628 1286 2693 oeque

162 2718 294 2780 dorriitos
318 2718 385 2780 ‘uid-i
407 2713 489 2801 (scil.
513 2713 621 2799 ‘atque
648 2716 704 2779 illc
729 2716 868 2781 domitus
893 2715 965 2799 est'‚
992 2740 1058 2782 non
1081 2717 1190 2802 ‘atque
1210 2737 1284 2801 spero

163 2820 324 2907 domari').
366 2824 471 2899 Quare
494 2830 601 2905 aluric
624 2824 705 2887 alios
728 2824 831 2888 belrius
854 2824 964 2908 utique
988 2825 1227 2909 relinquendum
1245 2828 1281 2886 est

162 2932 255 2992 etex
280 2936 424 2994 monstro
449 2932 627 3013 scripturae
650 2932 768 2994 emirum
791 2933 891 2995 iatum
915 2932 1075 2996 elicienda
1098 2933 1198 2996 belua.
1228 2929 1280 2992 lun

162 3036 267 3117 ipsum
291 3038 392 3100 introit
416 3039 435 3101 i.
456 3062 481 3102 e.
505 3039 622 3101 [iulum
646 3038 813 3121 epitheton
837 3038 926 3101 ducit
948 3039 987 3101 ad
1010 3039 1214 3121 elephantum,
1233 3057 1279 3120 quo

162 3144 214 3205 vix
234 3144 369 3207 facetius
390 3144 477 3207 aliud
497 3144 618 3208 animal
642 3167 714 3207 cunr
737 3145 920 3209 truculento
944 3144 1084 3210 conferri
1109 3147 1222 3229 potuit:
1241 3164 1278 3205 ue·

162 3271 222 3332 [pue
250 3250 382 3313 dubium
411 3255 460 3313 cst
493 3252 569 3335 quin
602 3252 666 3314 iam
701 3256 770 3314 tum
799 3252 954 3334 temporis
982 3251 1109 3317 Itomae
1140 3247 1277 3334 elephanti

160 3355 275 3419 domiti
304 3358 429 3420 ostendi
459 3359 638 3446 potuerint,
666 3381 728 3441 quo
758 3359 875 3422 alludit
902 3358 1108 3441 Astaphium.
1159 3360 1279 3449 atvero

159 3464 275 3526 corinun
310 3487 382 3527 cum
415 3487 480 3528 non
517 3465 622 3547 possit
655 3465 847 3547 simpliciter
882 3487 918 3528 ex
951 3465 1146 3547 elephantos
1177 3482 1279 3542 corrup

160 3575 229 3634 tum
259 3594 342 3653 esse,
375 3578 510 3655 apparet
537 3593 575 3635 ex
607 3573 641 3634 in
669 3572 829 3655 pertinere
863 3573 903 3636 ad
930 3574 1044 3637 dorrrito
1081 3596 1122 3636 ex
1157 3571 1279 3636 dorrritror

160 3677 382 3759 depravatum,
415 3683 451 3742 ut
478 3701 560 3762 qliae
588 3679 735 3761 syllabae
758 3700 796 3743 ex
818 3681 964 3743 inilonzito
991 3680 1031 3744 de
1060 3675 1282 3764 interpolatoris

160 3785 321 3846 sententia
354 3786 479 3849 efficere
522 3786 721 3868 debuissent,
765 3786 890 3851 librarii
928 3788 1024 3871 culpa
1060 3787 1201 3869 clquioat
1233 3781 1283 3871 (vel

158 3889 249 3972 altpt,
279 3893 305 3953 si
329 3892 413 3956 forte
441 3900 550 3957 (rutum
570 3899 643 3956 ante
663 3896 765 3957 'iulum
783 3895 848 3957 iam
877 3895 1098 3979 interciderat)
1128 3894 1284 3960 obruerint.

231 4033 256 4097 1)
278 4033 348 4084 llinc
373 4033 513 4101 profectus
537 4051 562 4085 v.
587 4038 652 4098 822,
681 4033 728 4086 ubi
753 4032 819 4086 libri
843 4035 948 4087 habent
962 4040 1077 4102 propter
1105 4036 1193 4088 niolo
1217 4034 1286 4098 sorte,

157 4128 247 4177 neque
266 4116 412 4178 malameia-
431 4131 521 4182 neque
540 4116 672 4180 ratolfus-tc
690 4113 815 4181 reposui,
845 4114 894 4168 sed
912 4115 986 4167 niolo
1005 4113 1113 4182 delevi,
1137 4132 1192 4183 quo
1210 4113 1287 4166 deleto

157 4205 207 4253 pro
222 4188 304 4243 Video
322 4210 368 4260 epo
388 4200 412 4245 te
431 4194 578 4248 emendare
599 4212 708 4262 possem
734 4194 817 4247 l'ivleo
836 4211 924 4247 comam
943 4211 1031 4247 reum:
1050 4211 1119 4248 nam
1137 4212 1223 4249 eccrcm
1242 4198 1287 4248 um

158 4282 252 4318 versus
271 4288 355 4336 quam
375 4271 487 4341 liuguae
507 4292 572 4326 usus
593 4275 779 4340 commendat,
798 4291 872 4327 rcum
891 4277 986 4327 auteur
1006 4275 1119 4328 tantum
1140 4293 1194 4329 non
1212 4290 1288 4328 neces·

156 4344 261 4478 parium
286 4351 341 4417 cst,
367 4354 398 4404 ut
421 4370 537 4406 acurucn
562 4355 684 4423 accipiat
709 4354 779 4408 illud
798 4360 912 4424 propter
930 4356 1040 4425 [isola]
1058 4357 1139 4423 sacta
1157 4357 1228 4426 quiet
1243 4374 1288 4425 po-

173 4441 275 4477 renus
288 4431 400 4494 parieti.
