2932 5452
479 797 688 856 PRAEFATIO
1074 798 1154 857 xvn

139 964 182 1030 *na
207 964 302 1029 initio
330 962 444 1049 pedem
469 964 630 1048 supplevi:
657 963 753 1048 idque
780 966 866 1028 recte
894 986 945 1029 me
972 964 1153 1031 instituisse

139 1070 263 1156 itellexi,
285 1069 373 1156 quod
394 1070 481 1137 inter
501 1068 588 1137 hunc
611 1091 740 1137 versum
759 1074 792 1136 et
814 1095 844 1137 v.
865 1071 931 1137 497
955 1072 1033 1138 iusti
1055 1072 1154 1137 intei-

152 1178 195 1243 40
216 1177 346 1243 senarii.
389 1176 518 1262 Duplex
540 1198 617 1244 vero
640 1177 832 1264 paginarum
856 1178 997 1264 spatium
1022 1180 1077 1265 qui
1101 1202 1154 1245 ex·

139 1285 192 1349 lum
206 1306 279 1351 esse
297 1284 447 1349 videatur
464 1284 652 1371 priusquam
672 1285 838 1370 explicem,
856 1284 961 1369 ipsam
980 1306 1048 1351 rem
1067 1306 1153 1352 noro

139 1396 199 1457 ento
215 1390 362 1458 fulciam.
397 1390 484 1457 Nam
498 1391 575 1458 illae
590 1391 724 1458 lacunae
737 1392 816 1477 quin
829 1392 915 1458 inter
930 1414 965 1458 se
979 1392 1153 1459 nectendae

139 1499 246 1564 ixiam
269 1497 450 1583 dubitabis,
473 1498 502 1563 si
524 1498 792 1564 animadverteris
811 1499 943 1564 tertium
962 1500 1017 1584 qui
1031 1504 1153 1565 utrum·

139 1626 229 1669 usum
256 1605 428 1671 antecedat
453 1606 533 1671 item
560 1604 648 1671 iusto
678 1605 855 1671 breviorem
884 1628 955 1672 esse
982 1602 1096 1693 (etiam
1119 1608 1154 1671 in

146 1711 207 1777 hoc
230 1733 358 1799 quoque
380 1712 453 1778 loco
477 1712 680 1798 corruptelae
703 1716 814 1797 aperte
837 1712 1039 1780 cohaereant
1083 1712 1153 1778 Iam

151 1839 223 1885 cum
245 1819 296 1884 ita
316 1823 522 1903 comparatus
546 1821 603 1902 sit,
631 1823 793 1904 utusque
816 1820 852 1884 in
874 1820 970 1886 initio
993 1842 1096 1907 neque
1118 1819 1154 1885 in

139 1946 208 1991 rsus
231 1924 375 1993 defectus
398 1926 507 1992 sedem
530 1947 685 2012 quaerere
707 1927 884 2012 possimus,
911 1927 967 1994 sed
990 1927 1025 1993 in
1048 1928 1154 1993 medio
1249 1992 1253 1997 .

146 2054 174 2097 v.
203 2036 313 2098 autem
335 2032 403 2099 534
424 2038 484 2119 ita,
512 2038 550 2099 ut
576 2032 611 2099 iu
639 2032 702 2099 fine
725 2037 812 2099 certe
835 2034 889 2099 vix
918 2034 1076 2101 medelam
1099 2035 1154 2101 ad-

159 2160 226 2206 non
248 2143 336 2206 reete
357 2140 452 2205 initio
476 2137 561 2227 (οΗ.
584 2140 669 2223 Quid
688 2140 792 2207 istuc?
823 2136 909 2227 LA.)
933 2141 1082 2227 supplevi
1100 2142 1155 2208 sed

139 2267 199 2329 pua
216 2252 251 2312 et
267 2267 387 2312 meran
403 2246 592 2314 trochaeum
611 2244 715 2334 (velut
732 2249 822 2314 ande
838 2247 891 2312 vel
908 2243 995 2335 almo)
1013 2249 1156 2315 inserere

139 2375 175 2417 m.
208 2352 303 2431 Quod
318 2375 394 2421 vero
408 2355 462 2441 40,
482 2375 549 2420 non
563 2354 616 2439 20,
638 2376 749 2420 versus
768 2355 980 2440 intercedunt,
1002 2355 1055 2421 vix
1069 2360 1156 2421 recte

143 2460 279 2545 antiquo
295 2461 403 2526 codiee
423 2460 461 2526 de
480 2461 662 2546 duplicibus
681 2463 837 2527 columnis
851 2462 973 2546 passim
988 2459 1042 2549 (ut
1058 2463 1094 2528 in
1106 2458 1156 2550 B)

139 2568 163 2630 is
187 2567 413 2652 cogitabimus,
437 2568 493 2635 sed
517 2569 625 2654 potius
646 2569 686 2633 ad
705 2570 840 2633 duarum
861 2570 1053 2655 paginarum
1073 2569 1156 2635 ordi-

139 2678 342 2760 emnutatum,
365 2676 536 2760 adscriptis
559 2675 698 2741 fortasse
723 2676 825 2762 signis
849 2675 889 2740 ad
912 2676 1156 2762 restituendum,

139 2804 158 2846 e
184 2782 382 2847 debebimus.
432 2782 535 2859 Quam
564 2784 836 2867 permutationem
869 2805 910 2848 ne
944 2807 1031 2849 mero
1066 2787 1155 2850 casui

139 2912 169 2974 n,
193 2890 249 2954 sed
272 2890 382 2974 potius
407 2912 446 2955 ex
470 2896 577 2957 vetere
601 2891 829 2977 dittographia
851 2895 1004 2976 repetam,
1027 2894 1154 2978 qualem

139 3020 143 3059 ι
173 3000 376 3063 coniunctam
409 3020 479 3064 esse
512 3020 584 3063 curn
616 3019 766 3063 versuum
800 2999 938 3082 quadam
974 2997 1156 3063 inversione

139 3126 156 3186 ;,
177 3105 246 3188 ipse
269 3105 360 3170 locus
384 3106 564 3171 accuratius
583 3127 760 3190 perpensas
780 3105 903 3171 suadet.
939 3103 1026 3170 Nam
1045 3127 1156 3170 versus

139 3210 189 3273 526
213 3212 424 3296 interpositos
447 3235 518 3279 esse
542 3213 569 3277 si
593 3213 759 3297 sumimus,
782 3213 842 3277 hos
861 3214 950 3277 locos
969 3235 1008 3277 ex
1026 3211 1087 3276 hae
1100 3236 1156 3298 pa-

139 3320 149 3380 t
169 3318 350 3404 insequenti
373 3319 507 3403 propius
531 3340 601 3384 sese
625 3318 786 3404 attingere
809 3315 1044 3406 invenimus*):

210 3470 345 3537 Pessum
370 3470 486 3537 dedisti
508 3493 560 3535 me
578 3470 702 3535 blandi·
731 3470 921 3555 v.540sqq.:
946 3471 1020 3536 Tibi
1035 3474 1157 3538 auscul-

213 3580 331 3644 meutis
354 3581 428 3645 tuis.
776 3577 858 3642 taui:
882 3581 919 3640 tu
945 3581 1158 3663 promittebas

139 3702 189 3766 sq.:
212 3683 456 3752 Mendicitatem
484 3686 527 3749 mi
552 3684 703 3769 optulisti
776 3685 856 3749 mihi

213 3813 312 3875 opera
335 3796 401 3870 tua,
754 3789 807 3855 Illi
822 3810 891 3855 esse
907 3797 1076 3876 quaestum
1091 3816 1157 3858 ma-

210 3896 298 3963 Dum
323 3899 387 3963 tuis
411 3900 556 3964 ausculto
578 3898 704 3983 magui·
778 3921 909 3964 numum
934 3900 1157 3964 meretricibus

213 4005 293 4070 dicis
317 4005 501 4071 mendaciis.
779 4027 805 4070 e.
819 4027 849 4089 q.
863 4029 887 4071 s.

139 4254 190 4319 squ
213 4236 239 4300 Ο
250 4237 365 4322 scirpe,
381 4237 483 4321 seirpe
498 4238 595 4302 laudo
608 4238 706 4301 fortu·
734 4187 763 4230 v·
777 4165 1160 4337 ῗὲἓὶᾳᾞυζέωἶῗθὲᾙ

213 4366 271 4408 nas
295 4349 379 4430 tuae,
779 4383 898 4462 uterer,

214 4450 277 4527 Qui
295 4472 422 4535 semper
441 4473 551 4516 ⁸0qu
568 4451 706 4536 8¹⁰liam
757 4484 804 4549 Vt
833 4509 930 4571 quom
959 4488 1096 4553 exissem
1120 4510 1158 4551 ex

217 4557 400 4624 aritudinis.

139 4698 229 4709 ——-—.

782 4614 866 4676 aqua
893 4615 1017 4659 arerem
1041 4600 1160 4661 tamen.

157 4769 232 4834 uuae
255 4769 279 4824 si
301 4771 378 4824 reete
400 4768 514 4839 disputo
539 4768 594 4822 iam
619 4785 651 4821 cx
675 4765 737 4821 loco
761 4767 889 4822 codicum
915 4769 1085 4824 auctoritate
1104 4785 1160 4823 non

150 4847 283 4904 destituto
301 4848 425 4904 iudicare
438 4849 546 4919 poteris
561 4849 595 4902 de
609 4846 780 4914 rationibus,
798 4849 895 4915 onmes
908 4866 998 4919 nuper
1013 4851 1161 4917 Langenus

139 4927 179 4984 lut
195 4929 274 4988 stud.
294 4930 385 4987 Plaut.
404 4949 431 5001 p.
452 4936 494 4985 'lile

141 5038 163 5068 rr
176 5026 275 5072 anns
930 5017 950 5071 b
