2932 5452
156 270 227 351 vm
621 294 830 351 ancarano

157 464 206 525 est
229 459 283 546 (cf.
303 459 542 525 Studemundus
564 461 598 524 in
618 458 796 525 Comment.
820 460 854 523 in
873 459 947 525 hon.
966 458 1089 526 Theod.
1107 459 1300 525 Mommseni

156 567 230 632 edit
253 591 284 652 p.
309 565 396 654 790).
443 566 670 643 Quaternionis
693 589 844 631 numerus
867 567 901 630 in
925 566 991 630 ima
1014 567 1134 650 pagina
1157 567 1221 631 398
1246 590 1300 652 ap-

156 675 266 760 paruit
294 672 524 758 LXXXVllII,
557 676 591 739 in
619 675 739 759 pagine
767 674 832 738 404
860 672 992 756 LXXX,
1024 673 1058 736 in
1088 673 1208 758 pagina
1240 675 1301 738 1⁶22

137 786 265 846 'autern
290 780 424 845 LXXV:
446 787 519 864 post
545 780 575 845 V
603 781 759 864 numquid
788 780 875 844 aliud
904 780 1065 843 exstiterit
1087 817 1132 825 —
1156 780 1301 844 ltitsehe·

156 888 219 952 lius
243 889 329 952 enim
348 888 532 953 LXXXVII
557 889 620 953 sibi
643 889 750 972 legere
774 888 861 952 visus
886 891 934 952 est
960 923 996 933 -
1023 885 1170 951 Loewius
1195 887 1301 952 decer·

156 1017 233 1060 nere
260 1018 325 1060 non
353 1017 449 1060 ausus
482 999 537 1060 est.
583 995 719 1060 ¹Partem
748 1017 858 1059 earum
887 994 1063 1058 lectionum
1092 1017 1172 1078 quas
1199 1016 1301 1059 novas

157 1103 318 1185 protraxit
340 1102 487 1167 Loewius
512 1103 596 1167 idem
620 1103 654 1166 in
677 1101 771 1166 Anal.
794 1100 842 1166 Pl.
865 1124 894 1184 p.
917 1101 1101 1165 149-174
1124 1101 1193 1184 ipse
1218 1123 1301 1166 com-

157 1209 339 1274 municavit.
385 1208 496 1274 Novas
521 1232 613 1274 curas
638 1230 717 1293 quas
746 1208 820 1272 huie
848 1229 975 1292 quoque
999 1207 1127 1272 fabulae
1151 1208 1303 1272 adhibere

157 1315 262 1379 voluit
284 1338 370 1379 mors
395 1316 598 1380 disturbavit.

247 1420 399 1487 Codicem
418 1421 597 1487 Veterem
616 1444 689 1487 cum
709 1420 879 1486 Ritschelii
898 1421 1073 1506 exemplari
1091 1421 1209 1485 iterum
1228 1443 1303 1485 eon·

157 1528 233 1594 tulit
265 1527 376 1614 Hugo
409 1529 547 1612 Hinck‚
583 1529 672 1594 cuius
710 1529 864 1593 lectiones
903 1528 1091 1612 plerumque
1125 1526 1303 1592 Lorenzii

158 1636 345 1700 testimonio
383 1637 631 1701 confirmantur:
668 1636 702 1699 in
733 1635 939 1719 paucissimis
973 1634 1164 1718 quibusdam
1200 1635 1304 1719 iisque

159 1743 332 1806 levissimis
356 1744 466 1828 rebus,
489 1743 545 1807 ubi
570 1743 678 1807 differt
697 1741 843 1806 Lorenzii
862 1741 1099 1824 testimonium,
1122 1764 1161 1805 ex
1180 1743 1252 1824 ipsa
1270 1765 1304 1805 re

159 1849 253 1914 facile
287 1852 441 1935 cognosci
468 1850 593 1934 potuit,
625 1850 689 1913 utri
721 1849 801 1913 fides
833 1847 984 1913 habenda
1011 1852 1104 1912 esset.
1150 1846 1305 1913 Codicum

159 1956 363 2020 Decurtati
387 1962 421 2021 et
438 1956 645 2022 Ursiniani
668 1978 786 2021 novam
806 1955 1013 2020 collationem
1033 1953 1222 2019 Schoellii
1241 1956 1305 2018 mei

158 2064 312 2127 beneficio
340 2063 449 2128 debeo.
500 2063 589 2140 Quae
619 2085 656 2126 ex
684 2062 818 2127 codice
847 2060 1043 2145 Lipsiensi
1072 2067 1105 2125 et
1133 2062 1306 2126 editione

158 2169 336 2255 principe
360 2170 500 2253 exhibui,
524 2192 562 2234 ex
581 2168 752 2234 Ritsehelii
776 2169 925 2250 editione,
949 2168 1017 2231 eius
1043 2169 1214 2233 collatione
1233 2170 1307 2252 ipsa

158 2275 212 2340 hic
235 2277 301 2340 illic
324 2277 479 2362 inspecta,
503 2277 718 2342 transcribere
742 2298 808 2340 non
831 2275 985 2339 dubitavi.

247 2382 295 2447 De
324 2389 430 2448 vetere
459 2383 610 2449 Pseudoli
638 2382 871 2465 didascalia,
904 2403 985 2466 quae
1019 2404 1083 2445 una
1111 2404 1182 2445 cum
1216 2383 1308 2466 quin-

159 2490 261 2555 decim
289 2512 437 2555 versuum
467 2494 656 2575 argumento
682 2491 801 2573 scriptu
825 2493 875 2553 est
898 2488 932 2552 in
955 2489 1076 2573 pagina
1102 2490 1177 2571 119,
1206 2490 1308 2572 expli·

159 2600 262 2662 catius
290 2598 372 2662 dixit
395 2597 590 2662 Ritsclielius
614 2597 778 2681 Parergon
809 2618 838 2679 p.
863 2597 926 2661 283
939 2617 1007 2680 sqq.
1053 2595 1181 2660 Loewio
1207 2619 1306 2680 appa·

159 2708 291 2768 ruerunt
314 2704 409 2768 haec:

504 2828 538 2874 nr·
562 2828 662 2876 1UN10
686 2828 720 2874 nr·
745 2827 802 2873 mn
826 2827 869 2896 nn
892 2828 960 2874 uun

612 3023 655 3072 Ac
758 3024 784 3071 M

160 3113 257 3180 Certa
286 3118 361 3178 sunt
384 3114 494 3178 omnia
517 3118 645 3199 praeter
668 3132 688 3194 1)
713 3117 744 3176 et
772 3118 891 3196 puncta
914 3118 989 3198 post
1013 3131 1038 3176 Μ
1063 3117 1197 3195 utroque
1222 3114 1309 3178 loco:

161 3246 238 3287 num
259 3226 332 3306 post
351 3239 395 3287 Ac
414 3226 446 3285 et
465 3240 490 3285 Μ
511 3221 596 3286 aliud
616 3221 692 3306 quid
712 3222 866 3305 scriptum
885 3222 993 3299 fuerit,
1017 3221 1076 3285 dici
1096 3221 1217 3304 nequit.

248 3327 471 3413 ‘Prologum
490 3327 630 3394 fabulae'
655 3365 690 3374 -
712 3327 833 3413 dequo
854 3350 935 3413 quae
955 3328 1006 3392 hic
1025 3327 1153 3410 profero
1179 3350 1215 3390 ex
1237 3328 1308 3392 Rit-

160 3435 272 3501 schelii
300 3434 499 3519 praefatione
528 3435 666 3519 repetita
694 3440 770 3500 sunt
798 3472 834 3482 —
867 3434 977 3518 ‘prope
1004 3438 1108 3499 totum
1137 3434 1201 3497 iam
1230 3439 1308 3499 ante

159 3542 367 3607 Ambrosiam
391 3542 509 3606 codicis
534 3545 672 3605 aetatem
692 3541 893 3605 intercidisse
913 3563 951 3604 ex
971 3562 1008 3605 eo
1027 3541 1220 3624 perspicitur
1240 3561 1309 3603 eer-

159 3650 292 3733 tissime,
316 3649 401 3733 quod
426 3650 545 3733 pagina
566 3649 638 3730 120,
662 3649 696 3712 in
715 3648 805 3713 cuius
826 3650 990 3731 superiore
1009 3652 1100 3732 parte
1120 3646 1202 3710 nihil
1221 3668 1309 3710 nunc

159 3757 340 3820 litterarum
360 3755 506 3819 relictum
526 3760 589 3840 est,
608 3755 762 3820 Pseudoli
782 3777 875 3819 versu
897 3757 937 3819 lli
958 3754 1159 3818 terminatur.
1185 3751 1308 3826 Quodsi

158 3861 362 3945 inscriptioni
391 3883 525 3927 scaenae
553 3864 677 3948 primae
702 3864 780 3927 duos
804 3883 915 3925 versus
945 3860 1111 3941 tribueris,
1144 3860 1305 3942 uniusque

159 3972 327 4054 praeterea
365 3968 534 4035 intervallo
574 3994 593 4034 a
625 3970 761 4053 prologo
794 3968 900 4051 ipsam
937 3967 1081 4032 fabulam
1119 3967 1309 4031 distinctam

160 4077 260 4140 fuisse
292 4076 509 4161 putaverim),
541 4076 637 4141 facilc
670 4076 837 4160 intelleges
863 4074 903 4138 ab
933 4074 1053 4138 eisdem
1085 4073 1208 4137 duobus
1237 4096 1309 4137 ver-

159 4182 248 4246 sibus
282 4182 408 4267 prologi
442 4184 593 4247 extremis
626 4183 787 4265 incepisse
824 4182 990 4266 paginam‚
1028 4180 1082 4265 qui
1120 4180 1152 4242 in
1191 4182 1309 4244 ceteris

232 4370 256 4438 *l
275 4366 387 4422 Loewio
411 4370 482 4422 teste
507 4368 612 4437 primus
631 4366 751 4436 paginae
777 4384 870 4421 versus
894 4382 997 4420 vacuus
1017 4367 1075 4418 est:
1101 4366 1232 4418 secuntur·
1252 4365 1309 4419 duo

160 4464 255 4502 verena
275 4447 385 4517 prologi
404 4450 433 4501 et
451 4445 610 4516 inscriptio,
635 4451 699 4516 post
721 4466 805 4516 quam
832 4446 913 4500 unius
938 4462 1032 4499 versus
1052 4444 1234 4498 interstitium
1255 4451 1308 4499 est.
