2932 5452
131 709 273 758 res-ese
608 705 794 760 APPENDIX
1212 707 1272 773 151

127 865 242 920 servavi.
262 895 296 905 ·-
315 864 357 920 ire
376 864 417 920 sic
435 883 498 920 cum
521 865 672 937 Vesiupius.
714 866 809 921 Verbis
832 883 895 920 cnm
918 865 1004 920 uuida
1026 869 1104 922 ueste
1123 869 1173 924 del.
1195 869 1273 924 Orai-

128 946 193 998 utus
216 944 324 1000 ‘Zuchm
348 950 369 1012 s.
389 945 500 1016 Gpmu!
523 947 608 999 XXI
621 965 651 1016 p.
672 951 726 1000 118
749 944 861 1014 puellae
888 979 920 987 -
945 952 1003 1002 tam
1027 954 1086 1003 tetr.
1111 951 1200 1004 bascli.
1220 967 1274 1006 esse

128 1026 214 1080 valuit
231 1031 354 1096 oeoumte
372 1027 437 1096 trip.
456 1029 539 1082 traca
578 1026 618 1094 Os.
635 1028 725 1097 praes.

197 1111 296 1175 roasa.
322 1104 392 1161 Ilico
410 1106 465 1160 huc
484 1106 643 1162 dubitanter
661 1107 812 1174 Laueeuus
832 1107 942 1162 ‘Beita’
960 1126 988 1177 p.
1010 1111 1071 1162 158,
1104 1107 1180 1163 Deiu
1198 1110 1272 1164 unde

125 1184 179 1240 hoc
192 1187 293 1239 uectae
303 1185 486 1240 Camerarius.
506 1185 579 1239 unde
593 1189 691 1240 necue
701 1186 886 1243 Hmmauaus.
911 1187 941 1242 V.
952 1192 1004 1242 266
1015 1189 1064 1242 del.
1074 1190 1134 1243 tam
1147 1187 1270 1244 Guietus.

196 1269 248 1318 112
259 1280 298 1335 eq.
325 1280 340 1319 e
359 1264 409 1319 del.
433 1264 552 1320 Weisius
570 1266 708 1331 refutante
721 1265 917 1336 Kampmauua
935 1269 968 1322 ele
986 1279 1027 1318 su
1039 1284 1165 1338 praepos.
1179 1285 1207 1336 p.
1227 1273 1270 1324 11.

125 1344 224 1398 ambra
244 1361 352 1412 sumne,
371 1345 400 1399 te
420 1345 534 1400 obsecro
549 1344 675 1413 Reieius,
693 1347 871 1402 Hermcmuus
889 1347 939 1402 El.
954 1350 980 1403 d.
999 1365 1032 1402 m.
1048 1364 1079 1416 p.
1092 1351 1159 1403 206.
1185 1348 1271 1403 simus

125 1423 240 1490 ambae,
259 1425 375 1479 obsecro
396 1423 599 1492 Fleclceiseuus‚
623 1425 774 1481 Bentleius.
815 1426 932 1483 lladita
954 1445 1015 1483 cum
1033 1427 1220 1483 Studemuudo
1239 1429 1272 1483 de

125 1509 198 1559 caut.
219 1522 249 1574 p.
269 1507 306 1559 te
328 1520 358 1558 ea
380 1506 468 1574 mapsa
490 1507 611 1570 savari,
634 1507 701 1574 quia
724 1508 805 1562 etiam
825 1509 972 1577 prosimus
994 1524 1086 1564 casus
1105 1509 1142 1562 act
1159 1509 1271 1563 raudera

122 1586 237 1653 meista
263 1585 433 1639 reooruudus
454 1589 527 1651 erat,
554 1586 604 1638 ubi
631 1591 687 1639 tam
714 1588 826 1642 metrica
853 1604 935 1657 quam
961 1587 1141 1656 prammatica
1164 1589 1271 1642 ratiouc

122 1662 241 1718 noluisti
261 1664 389 1732 offendit:
412 1665 485 1734 quod
506 1665 591 1719 serrat
613 1664 772 1735 Speapelius
791 1666 876 1733 ‘Rufi'
894 1683 923 1736 p.
943 1672 1027 1737 t8sq.
1052 1668 1196 1736 (cfi132),
1220 1670 1271 1723 etsi

122 1744 241 1799 uoluisti
261 1745 318 1798 huc
336 1744 449 1812 adigere
467 1746 615 1814 temptavit.
648 1761 732 1815 agere
750 1748 782 1800 tu
801 1746 916 1801 uoluisti
935 1749 991 1800 huc
1010 1747 1142 1802 Oraiaius
1164 1747 1268 1804 ‘Zsclsa

121 1825 143 1891 t'.
165 1823 279 1896 Guium?
300 1824 385 1880 XXI
397 1842 427 1893 p.
448 1829 510 1879 150.
544 1840 627 1895 agore
646 1826 776 1881 noluistis
794 1827 849 1882 huc
868 1828 1056 1884 Hermauuus.

195 1909 312 1974 eliseo.
339 1904 451 1959 nesciae
474 1904 552 1974 ipsae
579 1921 673 1959 snmus
697 1907 880 1962 Frauclceuus
903 1908 919 1961 l.
939 1923 999 1962 ss.
1020 1927 1050 1979 p.
1071 1913 1107 1963 40
1121 1925 1158 1978 sq.
1186 1909 1270 1971 simul

120 2002 146 2039 a.
167 1990 225 2040 277
249 2000 430 2054 corrumpens.
467 1984 500 2038 In
524 1986 575 2039 tua
597 1988 628 2039 ut
650 1984 771 2054 recipias
796 1989 873 2041 tecta
896 1987 1016 2042 Reirius.
1053 1987 1097 2042 De
1118 2006 1142 2042 a.
1162 1993 1213 2042 171
1233 1992 1268 2055 cs.

123 2064 276 2120 Muellerus
294 2064 370 2120 Pras.
387 2082 416 2135 p.
432 2069 488 2120 185
506 2067 581 2134 adm,
599 2066 648 2120 ubi
665 2066 759 2120 malim
777 2067 995 2135 Miserarumque
1014 2070 1042 2121 te
1062 2068 1207 2121 ambarum
1226 2068 1268 2123 nti

123 2145 266 2199 misereat.
297 2139 518 2213 Miserituniqne
536 2148 565 2200 te
584 2146 729 2200 {ambarum
748 2147 791 2199 nti
809 2146 974 2201 misereatur
992 2146 1178 2201 Hermauuus.

194 2229 247 2279 218
262 2241 300 2295 sq.
323 2224 402 2280 locus
425 2225 518 2279 nullus
542 2225 702 2295 Speuyelius
726 2224 812 2292 ‘Rei'
834 2243 863 2294 p.
890 2230 950 2281 191.
991 2226 1085 2280 locust
1106 2228 1180 2280 nllus
1206 2231 1267 2296 (om.

120 2307 165 2359 cst
184 2310 250 2373 post
270 2305 382 2374 parata)
405 2304 604 2361 Fteclreiseuus.
648 2306 690 2372 Of.
715 2305 867 2360 Muellerus
891 2307 907 2359 l.
927 2322 948 2360 s.
967 2321 988 2360 s.
1014 2307 1086 2360 Mos
1109 2306 1268 2377 quicquam,

118 2401 179 2439 meu
197 2402 291 2454 quam,
309 2386 360 2441 etet.
382 2384 505 2440 Gutuus.
532 2386 585 2439 hoc
605 2385 681 2454 quod
700 2386 777 2441 uides
797 2385 918 2455 amplius
937 2385 1135 2442 Fleckeisertus.
1169 2389 1200 2442 V.
1216 2394 1268 2443 280

119 2466 160 2519 mi
180 2465 295 2521 uersae
313 2466 469 2534 stupueris
486 2466 683 2536 Kampmauuo
700 2467 734 2520 de
751 2478 790 2516 se
804 2482 900 2536 praep.
916 2483 945 2534 p.
965 2468 1011 2521 25.

196 2551 256 2600 181.
277 2545 332 2600 Sed
350 2545 397 2599 hic
421 2547 471 2614 (sic
490 2562 551 2600 aem
568 2546 597 2598 B
611 2563 656 2615 pr.
678 2545 792 2600 Parcus.
830 2545 892 2600 heic
913 2544 1059 2614 Gruterus)
1083 2564 1220 2617 pauperes
1240 2552 1269 2603 et

117 2627 220 2695 inopes
243 2642 301 2694 res,
324 2625 436 2695 puellae
455 2625 574 2680 Reieius.
618 2626 673 2681 Sed
695 2642 738 2680 res
765 2641 901 2695 pauperes
925 2627 990 2679 sunt
1011 2627 1165 2696 inopesque
1189 2628 1267 2696 haec,

118 2706 233 2775 puellae
252 2706 378 2760 Botlsius.
421 2705 475 2760 Sed
498 2707 568 2760 haec
591 2723 729 2776 pauperes
752 2709 817 2760 sunt
839 2706 937 2775 inopes
960 2721 1017 2774 ros,
1041 2706 1151 2775 puellae
1172 2708 1267 2763 Fleck-

119 2788 241 2840 eiseaus:
264 2787 299 2852 ef.
321 2786 472 2840 Muellerus
492 2785 568 2840 Pras.
589 2805 618 2857 p.
638 2790 702 2841 250.
741 2785 795 2839 Sed
814 2787 885 2840 haec
908 2802 1045 2854 pauperes
1065 2790 1130 2842 sunt
1148 2805 1227 2858 opes,
1251 2807 1267 2844 o

118 2864 232 2935 puellae
252 2865 412 2935 Speupelius
436 2865 510 2933 ‘Rei
530 2884 560 2936 p.
580 2871 640 2920 411.
679 2864 734 2918 Sed
757 2867 826 2920 haec
849 2883 984 2936 pauperes
1008 2883 1051 2919 res
1074 2867 1172 2937 inopes
1195 2871 1266 2937 sunl,

119 2942 234 3014 puellae
253 2943 440 2999 Hermauuus.

193 3030 311 3093 28³sqq.
339 3024 421 3078 Nihil
446 3025 590 3091 effecerumt
615 3025 741 3093 Rarius,
768 3025 900 3092 Batitas,
923 3025 990 3090 alii,
1012 3026 1111 3079 nedum
1135 3026 1268 3082 Crotalus

119 3107 137 3160 l.
152 3122 173 3160 s.
189 3120 210 3159 s.
221 3122 251 3174 p.
269 3109 329 3159 149.
346 3108 398 3157 151
414 3105 495 3169 (later
510 3106 568 3158 alia
583 3108 695 3175 cgemet
713 3112 737 3160 et
752 3105 815 3159 cibo
832 3106 968 3173 peccaus),
983 3105 1164 3159 Fraueleuus
1178 3107 1194 3161 l.
1209 3124 1230 3161 s.
1245 3124 1266 3161 s.

117 3204 147 3254 p.
167 3190 211 3239 41.
254 3182 425 3238 Fleckeiseui
447 3184 572 3238 laccheos
590 3203 614 3239 c.
634 3190 792 3240 ess-285
812 3187 858 3254 (cf.
878 3187 958 3238 etiam
977 3186 1082 3239 Auaal.
1098 3187 1167 3254 pltil.
1187 3187 1268 3240 LXI

113 3284 145 3336 p.
163 3267 214 3333 27)
239 3271 307 3319 recte
330 3266 504 3334 impupuavit
522 3265 681 3336 Speupelius
696 3283 725 3335 p.
746 3271 808 3319 303.
828 3269 891 3319 199.
909 3268 967 3318 209
985 3265 1030 3331 (es.
1049 3268 1180 3332 tudae),
1202 3283 1266 3334 qua·

117 3362 180 3400 eum
197 3346 253 3411 feei
271 3362 294 3398 o.
309 3349 360 3398 28³
382 3346 484 3411 (meam
503 3345 549 3398 uix
569 3346 657 3399 uitam
677 3347 722 3399 ille
737 3350 886 3414 praecaute
901 3345 947 3398 uix
961 3361 1051 3398 meam
1067 3345 1154 3398 uitam
1169 3345 1266 3401 Fleclr·

117 3426 218 3493 eisemo)
247 3430 273 3480 et
299 3442 323 3479 u.
343 3430 442 3494 288sq.
475 3425 514 3480 Ae
535 3428 649 3494 pessime
672 3426 788 3479 Veneris
814 3458 844 3465 -
870 3427 949 3478 clueo
974 3427 1179 3493 anapaesticum
1202 3427 1267 3492 fecit

117 3507 241 3560 alieuum
263 3505 443 3574 vitiosumque
465 3522 549 3575 aeque
572 3513 641 3561 recte
663 3513 724 3574 post
746 3512 805 3560 tetr.
830 3506 919 3560 bacch.
939 3505 1043 3559 Verum
1065 3537 1095 3544 -
1117 3521 1197 3560 ame
1216 3509 1267 3577 (sic

117 3588 175 3640 iam
199 3586 413 3654 Kampmauaus
435 3586 467 3639 de
495 3599 533 3636 ΑΒ
562 3604 686 3656 praepos.
709 3604 736 3654 p.
763 3588 809 3652 18)
837 3586 947 3654 scripsit
976 3585 1036 3651 Quo
1060 3603 1133 3639 nnnc
1157 3587 1265 3640 ualebil

119 3667 203 3736 copia
221 3666 267 3720 uel
285 3665 359 3732 qnod
379 3665 461 3734 copia
478 3667 589 3735 nalebo,
607 3669 656 3722 ubi
674 3665 749 3735 qnod
768 3681 831 3719 mea
850 3667 890 3720 vel
907 3668 1005 3719 nostra
1025 3683 1046 3719 c.
1067 3685 1093 3718 u.
1114 3666 1146 3720 L.
1169 3666 1265 3721 (larris

118 3749 186 3802 Aut.
207 3748 266 3801 leet.
286 3745 325 3800 II
340 3751 375 3800 16
391 3762 420 3813 p.
436 3750 480 3814 51,
499 3765 553 3815 quo
573 3750 669 3802 nostra
689 3763 710 3800 c.
726 3765 752 3799 u.
773 3746 936 3800 Gulielmius
959 3746 1009 3815 Qu.
1029 3747 1060 3799 la
1074 3745 1148 3800 Rud.
1165 3763 1195 3814 p.
1210 3752 1265 3802 439

120 3828 213 3894 (simul
231 3824 330 3879 fateor.
365 3841 418 3894 ego
436 3826 519 3880 huius
539 3834 634 3882 coutra
653 3828 744 3882 faleor
763 3844 823 3896 ego.
857 3826 939 3879 huius
960 3826 1187 3880 Camerariauura
1205 3830 1264 3880 cia·

119 3908 239 3974 dicans),
256 3909 353 3960 nostra
372 3923 427 3974 quo
446 3924 471 3960 u.
488 3925 511 3961 c.
527 3907 648 3975 Reieius,
667 3925 723 3976 quo
743 3927 768 3961 n.
788 3924 810 3960 c.
826 3907 952 3972 Bothius,
973 3906 1064 3973 quoad
1084 3922 1106 3958 o.
1127 3925 1151 3957 u.
1168 3905 1265 3959 Flect-

117 3989 223 4041 eisemus
242 3987 288 4054 (cf.
310 3987 462 4040 Muellerus
482 3987 587 4041 ‘Zscltm
606 3989 626 4053 t.
645 3987 755 4058 Gymu)
779 3987 862 4040 XXI
877 4004 906 4053 p.
923 3987 986 4052 559,
1006 3984 1125 4038 Briaius
1144 3987 1181 4038 ael
1200 3985 1263 4039 Mil.

118 4067 453 4135 assumeremus).
471 4067 565 4121 Possis
580 4068 640 4133 Quo
656 4069 772 4137 necopia
787 4086 812 4120 u.
824 4067 892 4135 (scil.
902 4067 1013 4132 samara:
1028 4064 1173 4132 aesopiam
1184 4067 1265 4119 etiarn

119 4147 197 4201 (lure.
222 4165 247 4201 v.
267 4149 323 4200 330
346 4147 493 4212 adhibeas).
540 4147 583 4202 De
605 4165 629 4201 a.
653 4154 714 4203 287.
738 4153 789 4201 289
810 4162 938 4214 perversa
957 4146 1063 4214 profert
1087 4144 1143 4198 Leo
1167 4146 1183 4198 l.
1203 4163 1222 4198 s.
1242 4163 1263 4201 s.

113 4244 142 4295 p.
159 4232 225 4282 188.
255 4226 357 4279 Verum
376 4243 433 4280 mou
450 4227 599 4295 habetque
618 4231 767 4296 reseratur,
785 4228 841 4280 uisi
859 4228 896 4280 ael
915 4225 1044 4279 sacerdos
1064 4225 1142 4279 clueo
1158 4227 1265 4294 aliquid

117 4307 246 4376 suppleas
264 4306 413 4359 adiuuante
431 4311 455 4360 et
474 4313 558 4361 maro
576 4313 600 4360 et
618 4310 754 4362 mernoria.
782 4305 823 4372 Cf.
840 4306 930 4374 praef.

188 4392 250 4441 291.
271 4389 360 4440 artem
379 4386 502 4441 didicere
526 4388 613 4441 ullam
635 4389 761 4456 Pylades.
805 4385 962 4438 didicerunt
985 4385 1074 4438 artem
1094 4384 1180 4438 ullam
1199 4385 1263 4440 Ilei-

117 4469 184 4522 rius.
224 4467 274 4534 qui
293 4465 415 4519 didicere
434 4469 522 4521 artem
542 4467 630 4520 ullam
650 4468 799 4521 Muellerus
819 4466 958 4519 ‘Nectite'
977 4483 1006 4534 p.
1021 4471 1074 4520 119
1094 4467 1158 4519 adri.
1191 4467 1262 4520 didi-

117 4563 179 4601 cere
198 4548 290 4600 artem
309 4545 416 4598 nullam
435 4545 594 4615 Speupelius
615 4547 701 4612 ‘Itcsl’
718 4564 747 4614 p.
769 4551 829 4601 191.

187 4633 241 4681 293
251 4643 289 4696 sq.
315 4624 371 4678 Vos
385 4624 441 4677 iam
453 4625 606 4695 Scioppius.
623 4659 654 4666 -
671 4626 740 4680 Hice
755 4625 831 4679 hami
846 4626 987 4680 Bentleius
1002 4627 1049 4682 l.s.
1059 4643 1080 4682 s.
1100 4627 1136 4680 Hi
1151 4628 1264 4681 schoeni

118 4707 273 4762 Saracenas
284 4722 343 4759 arm
357 4704 447 4772 Valla,
457 4708 502 4759 eui
512 4707 585 4760 enim
596 4709 659 4761 aelel.
675 4706 801 4777 Pylades.
823 4705 863 4771 Of.
875 4705 1041 4761 Sclsmieltius
1051 4709 1083 4762 ele
1089 4725 1170 4776 prou.
1178 4727 1207 4774 p.
1219 4713 1261 4761 43.

188 4794 250 4842 195.
272 4787 386 4841 Praeter
406 4785 516 4839 Cotidie
535 4787 567 4841 ele
586 4785 665 4840 Illinc
687 4805 773 4856 usque
793 4789 871 4857 capit.
901 4786 1083 4842 Carrerarius.
1117 4789 1160 4841 De
1179 4789 1262 4841 Lam·

117 4868 177 4922 bimi
195 4867 349 4922 testimonio
367 4866 478 4920 deditat
496 4866 637 4922 Gruterus.
677 4868 719 4934 Cf.
734 4870 825 4936 praes.
