2932 5452
628 735 834 796 plumario
1226 741 1312 803 xum

168 921 203 985 in
225 919 333 986 medio
356 941 464 1005 versu,
491 921 546 985 sed
574 921 615 985 ab
630 922 712 995 ‚eius
740 923 832 986 initio
861 944 1040 987 sermonem
1068 944 1153 987 nova
1176 944 1313 1006 persona

170 1038 302 1124 excipit,
327 1036 424 1102 huius
451 1041 531 1102 nota
557 1059 734 1123 numquam
761 1039 800 1101 in
827 1039 929 1122 ipsius
952 1060 1062 1103 versus
1086 1038 1242 1103 ambitum
1265 1039 1313 1102 in-

169 1157 250 1240 trat,
276 1153 333 1218 sed
359 1154 388 1218 ei
416 1153 677 1218 constantissime
709 1155 743 1217 in
771 1154 917 1239 margine
948 1154 1192 1239 praemittitur.
1224 1154 1313 1240 Ergo

170 1289 253 1354 qnae
280 1272 389 1354 partes
420 1268 551 1334 fabulae
582 1291 793 1354 personarum
824 1271 912 1335 notis
940 1271 1073 1335 omnino
1102 1273 1227 1356 carent,
1258 1292 1314 1335 eae

171 1385 232 1450 etsi
258 1385 294 1450 in
320 1384 434 1450 mediis
457 1384 586 1470 quidem
613 1385 758 1450 versibus
786 1406 996 1470 personarum
1025 1387 1238 1451 mutationem
1260 1408 1313 1451 va-

172 1501 240 1565 cuis
267 1501 381 1585 spatiis
409 1500 488 1565 satis
516 1505 626 1586 aperte
649 1502 807 1586 indicant,
830 1504 954 1586 tamen,
977 1502 1126 1586 quotiens
1149 1502 1224 1566 talis
1247 1525 1314 1565 mu-

171 1616 253 1681 tatio
276 1616 311 1680 in
334 1616 527 1701 principium
551 1639 662 1682 versus
685 1617 807 1702 incidit,
826 1618 978 1701 quoniam
1002 1618 1037 1681 in
1054 1618 1200 1703 margine
1219 1618 1315 1701 spatii

173 1729 366 1816 significatio
398 1731 468 1795 fieri
496 1733 586 1796 nulla
617 1734 737 1817 potuit,
769 1755 900 1817 prorsus
932 1735 967 1798 in
999 1733 1097 1798 dubio
1129 1734 1317 1817 relinquunt

174 1851 281 1912 utrum
308 1846 354 1911 ibi
383 1869 542 1932 personae
568 1853 648 1913 nota
675 1850 781 1914 locum
803 1871 905 1914 necne
928 1850 1086 1914 habuerit.
1108 1848 1195 1913 Hinc
1218 1850 1317 1934 igitur

174 1967 221 2027 est
247 1962 335 2047 quod
361 1962 396 2026 in
423 1964 487 2027 illis
514 1985 595 2047 quas
623 1964 687 2028 dixi
716 1965 864 2049 partibus
893 1963 941 2050 (in
965 1964 1112 2051 Cigitur
1135 1986 1192 2048 per
1213 1968 1316 2029 totam

174 2075 335 2165 fabulam)
359 2079 490 2143 ‘occidi'
516 2100 673 2163 personae
691 2085 804 2146 notam
823 2103 983 2165 quamque
1006 2082 1041 2145 in
1059 2080 1175 2145 mediis
1189 2084 1318 2144 tantum

175 2194 321 2259 versibus
344 2193 501 2260 adnotare
524 2196 629 2280 potui,
656 2218 723 2261 non
750 2197 841 2281 potui
869 2197 904 2260 in
931 2197 1057 2281 primis,
1080 2196 1119 2260 de
1143 2196 1258 2280 quibus
1282 2202 1318 2260 ut

174 2309 256 2374 nihil
284 2309 358 2374 sciri
386 2314 508 2395 potest,
534 2312 582 2375 ita
608 2313 643 2375 in
666 2311 875 2377 adnotatione
898 2333 1029 2395 prorsus
1052 2312 1225 2376 tacendum
1247 2313 1318 2375 fuit.

176 2422 277 2500 Quam
300 2425 461 2490 rationem
481 2447 609 2492 omnem
629 2426 800 2513 diligenter
818 2428 979 2492 recorda-ri
1003 2428 1140 2513 debebit,
1160 2429 1214 2512 qni
1232 2433 1318 2492 recte

176 2540 382 2628 interpretari
405 2546 518 2607 nostra
541 2543 575 2606 in
598 2543 660 2607 hoc
684 2564 800 2628 genere
824 2544 1010 2607 testimonia
1032 2544 1128 2608 volet.

261 2656 353 2723 Haec
381 2662 490 2722 autem
518 2659 544 2722 si
572 2659 619 2722 ita
647 2663 736 2743 sunt,
764 2662 898 2743 apparet
926 2658 964 2722 de
993 2659 1129 2743 singulis
1158 2663 1243 2723 reete
1267 2682 1316 2722 ex-

177 2772 314 2839 istimari
338 2795 406 2838 non
429 2796 538 2858 posse,
560 2774 637 2858 nisi,
660 2796 742 2858 quae
764 2774 896 2838 tandem
920 2774 985 2837 sint
1008 2775 1041 2838 in
1065 2774 1228 2838 codicibus
1251 2797 1318 2839 ver-

176 2909 269 2955 suum
298 2889 470 2974 principia,
497 2890 664 2975 cognitum
691 2890 850 2954 habueris.
882 2889 927 2952 Et
954 2891 988 2952 in
1016 2890 1049 2954 B
1077 2890 1218 2975 quidem,
1246 2890 1272 2952 si
1301 2913 1320 2952 a

172 3005 310 3070 canticis
334 3004 530 3090 discesseris,
557 3006 638 3069 nihil
666 3005 733 3070 fere
760 3005 822 3070 hoc
845 3005 944 3069 habet
967 3005 1167 3070 difficultatis
1189 3006 1240 3068 vel
1264 3005 1319 3069 du-

171 3117 359 3205 bitationisr,
381 3123 418 3184 ut
440 3121 496 3206 qni
519 3121 630 3205 paucis
654 3123 794 3205 exeeptis
818 3122 979 3186 erroribus
1003 3122 1106 3205 ipsam
1125 3143 1234 3187 verum
1252 3143 1319 3185 ver-

165 3254 268 3302 suum
286 3258 472 3301 mensuram
491 3240 621 3301 tueatur
639 3258 904 3322 communemque
929 3259 1001 3302 cum
1025 3239 1056 3301 A
1079 3237 1319 3302 distinctionem

164 3355 290 3419 servet.
319 3350 382 3417 Sed
408 3353 444 3416 in
471 3352 500 3418 C
523 3355 556 3416 et
582 3351 617 3417 D
644 3341 797 3436 iluoniam
824 3376 974 3419 versuum
1007 3354 1213 3417 metricorum
1242 3352 1320 3417 ordo

162 3469 281 3534 omnis
307 3469 453 3533 sublatus
481 3472 543 3553 est,
570 3490 652 3552 quae
675 3491 760 3533 nova
784 3468 962 3553 prodierint
985 3469 1212 3554 graphicorum
1235 3469 1321 3553 prin-

157 3585 273 3670 cipia,
301 3583 409 3648 dedita
432 3606 531 3669 opera
554 3585 769 3648 enarrandum
797 3585 899 3649 video.
923 3584 1104 3650 indiculum
1127 3586 1226 3670 igitur
1249 3584 1321 3648 sub-

158 3696 244 3784 ieci,
268 3723 334 3783 quo
356 3699 437 3764 haec
459 3701 627 3785 principia,
651 3702 757 3784 qualia
783 3703 815 3765 in
831 3701 858 3765 U
870 3706 954 3785 sunt,
973 3724 1030 3784 per
1053 3706 1157 3764 totam
1179 3700 1321 3763 fabulam

152 3813 370 3898 transcripta
392 3816 501 3880 habes.

562 3950 579 3988 ’lt
920 3951 936 3988 lt

741 3995 758 4033 ³1⁴

156 4202 258 4269 Prol.
304 4229 405 4284 epuerc
420 4243 459 4252 -
475 4213 552 4271 Fore
567 4218 620 4284 pu?
635 4246 673 4252 —
691 4211 780 4269 Nam
794 4212 899 4284 sanquis
907 4241 945 4248 —
958 4206 1039 4267 Dure
1050 4240 1092 4248 —
1103 4206 1171 4266 Noc
1184 4227 1238 4281 parc
1252 4207 1323 4266 abiit

263 4327 303 4336 -—-
325 4295 440 4355 Nomen
463 4330 500 4338 —
530 4300 548 4354 9
571 4296 664 4355 Voluit
687 4328 725 4336 —
749 4297 844 4354 Edutc
870 4326 911 4335 -
932 4294 1049 4368 Iohifcc
1071 4325 1107 4332 --
1132 4288 1143 4371 tt
1167 4293 1218 4351 fol.
1242 4294 1322 4350 ‘200v

263 4380 410 4455 Quoniam
423 4400 468 4441 me
485 4414 522 4422 —
540 4382 633 4456 ericu
647 4415 683 4422 —
701 4381 793 4455 Scrws
808 4411 844 4417 -
862 4379 917 4453 Es!
933 4377 1087 4448 theosauro
1102 4410 1138 4418 -
1156 4377 1197 4435 20
1210 4377 1324 4435 Nemea

263 4498 305 4506 —
318 4466 409 4524 Hauc
422 4484 528 4525 norrea

162 4553 200 4631 I»
226 4569 240 4624 l
283 4570 395 4628 coartior}
410 4601 448 4610 —
464 4570 551 4628 Iamo
564 4588 601 4627 ne
616 4572 707 4644 est-
725 4567 805 4627 Num
820 4586 868 4642 opo
881 4598 921 4607 -
934 4565 1058 4640 Iaai'ues
1066 4597 1105 4609 —-
1119 4566 1222 4641 Mores
1233 4599 1269 4606 —-
1285 4569 1326 4624 30

262 4651 359 4713 Saule
376 4687 416 4698 ·-
440 4653 650 4713 Sacereucruut
665 4686 707 4695 -
722 4652 791 4729 Nisi
812 4654 908 4726 utores
921 4684 961 4692 -—
982 4649 1111 4723 Nimim>
1128 4684 1168 4693 -
1185 4653 1278 4726 Quum
1295 4653 1326 4709 id

263 4738 357 4812 911-
373 4740 438 4822 ρας
452 4742 487 4799 in
501 4741 591 4815 rebus
604 4774 643 4781 —
659 4739 714 4797 Ru

235 4872 308 4915 Ploutl
322 4875 383 4915 Com,
399 4875 416 4927 l,
433 4876 450 4914 l.
465 4875 609 4914 'l'rInunuuus
1093 4853 1109 4903 d
