2932 5452
595 780 801 837 PRAEFATIO
1195 780 1272 839 XXV

126 984 226 1048 qnam
248 962 350 1027 multo
374 982 451 1026 sane
478 960 587 1046 plures
609 960 708 1025 fuisse
731 960 798 1024 veri
822 960 925 1025 simile
947 983 1015 1026 non
1037 965 1198 1045 putamus.
1223 960 1273 1026 Dc

126 1077 273 1164 pluribus
300 1080 410 1142 autem
437 1076 561 1142 lacunis
592 1097 652 1140 nec
684 1075 838 1141 affirmari
866 1077 1038 1161 quicquam
1069 1098 1128 1142 nec
1160 1079 1272 1164 negari

126 1195 249 1279 potest:
271 1191 449 1258 tamenim
471 1190 557 1257 iuter
579 1213 613 1256 se
636 1212 736 1256 nexos
759 1196 917 1277 aptasque
939 1194 973 1257 et
995 1189 1176 1257 Charmidis
1199 1214 1272 1258 cum

127 1309 330 1396 sycophanta
354 1329 414 1393 per
440 1307 596 1391 reliquam
624 1328 774 1373 scaenam
797 1320 837 1391 11,
864 1312 897 1372 et
919 1305 1050 1373 Stasimi
1078 1329 1150 1373 cum
1173 1304 1272 1373 (lher-

127 1425 214 1490 mide
236 1425 271 1490 iu
293 1424 398 1509 prima
419 1427 513 1508 parte
535 1443 670 1487 scaenae
693 1436 734 1485 111
757 1444 922 1488 sermones
944 1423 1110 1508 habemus,
1132 1423 1214 1488 nihil
1237 1429 1273 1489 ut

127 1539 170 1604 ad
195 1538 417 1626 integritatem
445 1538 656 1622 desideretur,
682 1560 719 1603 ac
746 1560 788 1604 ne
816 1539 1003 1604 commodus
1026 1539 1155 1623 quidem
1177 1539 1272 1604 alicui

126 1655 327 1721 incremento
350 1655 442 1720 locus
464 1653 661 1735 inveniatur,
684 1653 748 1718 nisi
769 1654 854 1719 forte
878 1659 952 1738 post
975 1678 1003 1718 v.
1017 1655 1092 1719 944.
1115 1653 1164 1719 lbi
1188 1655 1274 1720 euim

126 1770 219 1837 licuit
241 1790 320 1835 sane
342 1770 562 1855 sycophantae
589 1769 777 1834 iactantiam
801 1791 892 1833 suam
920 1770 1029 1854 paullo
1051 1769 1181 1855 lougius
1204 1793 1274 1855 per·

127 1886 232 1971 sequi:
259 1908 371 1951 verum
398 1886 496 1971 longe
523 1885 690 1950 deflectere
718 1885 756 1949 de
784 1883 836 1948 via
863 1907 904 1950 ne
931 1885 984 1950 hic
1008 1885 1137 1970 quidem
1160 1886 1275 1970 potuit,

127 2001 205 2085 quia
226 2000 268 2066 ad
290 2000 510 2086 sycophantae
537 2001 572 2065 in
594 2001 719 2067 caelum
742 2001 963 2066 ascensionem
986 2001 1170 2065 referuntur
1192 2024 1274 2086 quae

127 2115 240 2181 stafim
254 2113 436 2181 Charmidis
453 2117 553 2181 verba
576 2119 754 2201 sequuntur
776 2115 1083 2181 uoluptatem
1106 2118 1167 2181 etsi
1190 2139 1274 2182 unus
1335 2196 1338 2203 Ι

126 2252 207 2297 sane
234 2233 285 2296 cst
310 2232 414 2317 locus,
440 2232 475 2297 in
503 2255 567 2316 quo
596 2255 709 2317 parum
732 2234 818 2296 recte
840 2230 1026 2315 procedere,
1053 2233 1164 2315 quales
1187 2254 1274 2299 nunc

127 2347 295 2432 leguntur,
322 2368 433 2413 versus
461 2353 629 2432 appareat,
655 2352 765 2412 tamen
792 2347 838 2411 ibi
864 2368 932 2411 non
959 2347 999 2411 de
1026 2347 1143 2412 lacuna
1165 2349 1273 2433 potius

127 2461 288 2546 quamde
310 2461 562 2546 transpositione
586 2463 794 2549 cogitandum
817 2465 874 2527 est.
898 2460 992 2528 Hanc
1015 2461 1151 2528 dicimus
1175 2463 1273 2529 Stasi-

128 2576 172 2641 mi
196 2577 375 2642 orationem
399 2599 427 2641 v.
449 2578 533 2642 1017
553 2601 634 2663 sqq.:

217 2691 311 2775 Quid,
332 2693 430 2757 homo
453 2692 556 2777 nihili,
578 2716 645 2759 non
669 2694 768 2778 pudet
790 2694 843 2757 te?
871 2694 1017 2757 tribusne
1040 2698 1072 2757 te
1095 2696 1228 2778 poteriis

217 2807 392 2873 Memoriae
420 2831 489 2873 esse
517 2809 675 2874 oblitum?
707 2832 749 2873 an
783 2830 872 2891 uero,
900 2809 975 2892 quia
1003 2831 1075 2873 cum
1102 2811 1188 2896 frugi
1216 2811 1273 2876 ho·

765 2924 915 2988 monibus

217 3038 267 3103 Ibi
290 3039 414 3121 bibisti,
437 3040 492 3123 qui
515 3040 556 3104 ab
580 3039 685 3103 alieno
709 3040 803 3103 facile
827 3039 1014 3104 cohiberent
1037 3041 1175 3105 manus?

218 3152 398 3218 Chiruchus
421 3153 496 3237 fuit,
519 3152 725 3237 CerconicuS,
745 3154 874 3239 Crinus,
893 3154 1093 3238 (incolabus,
1113 3154 1273 3239 Collabus,

217 3268 461 3353 Collicrepidae,
484 3269 729 3353 cruricrepidae,
752 3271 903 3354 territeri,
927 3271 1104 3356 mastigiae.

217 3384 307 3450 Inter
329 3406 426 3449 eosne
448 3385 596 3450 homines
620 3387 803 3450 condalium
825 3391 858 3451 te
881 3387 1029 3471 redipisci
1052 3380 1212 3472 postulas,

216 3499 361 3577 Quorum
383 3500 489 3565 hercle
513 3506 597 3565 unbs
620 3503 781 3585 surpucrit
805 3503 945 3567 currenti
970 3504 1092 3568 cursori
1115 3504 1242 3568 solum?

128 3617 192 3681 Vbi
216 3616 292 3701 quid
316 3616 378 3680 sibi
401 3616 471 3680 vult
493 3637 537 3681 au
558 3638 631 3681 acro
653 3617 756 3681 illud?
784 3621 843 3682 ‘an
866 3641 941 3683 vero
966 3620 1137 3684 memoriae
1160 3643 1194 3683 es
1218 3620 1272 3684 ob-

126 3733 244 3798 litus’?
268 3754 311 3796 an
334 3735 389 3796 ‘an
409 3754 483 3797 vero
502 3733 602 3816 pudet
621 3734 668 3796 te'
694 3735 743 3797 vel
767 3737 846 3798 ‘non
865 3735 965 3818 pudet
987 3735 1059 3798 te’?
1081 3734 1184 3800 Nihili
1203 3759 1272 3800 esso

10 3894 12 3927 ;
128 3848 226 3932 vides,
249 3847 400 3932 quicquid
424 3847 679 3913 comminiscere:
707 3871 775 3913 non
798 3849 930 3913 dubium
954 3850 1065 3933 igitur,
1089 3851 1167 3933 quin
1191 3851 1272 3913 desit

96 3958 98 3963 ’
127 3963 248 4047 aliquid
282 3985 356 4028 cum
387 3963 485 4028 verbo
518 3964 619 4029 finito.
652 3964 688 4029 Id
722 3965 748 4029 si
777 3965 903 4048 quaeris
932 3966 1025 4047 quale
1053 3985 1121 4027 csse
1150 3964 1273 4044 debeat,

127 4078 209 4144 nihil
231 4080 267 4143 in
289 4082 442 4163 promptu
465 4082 515 4144 est
537 4079 599 4143 nisi
623 4082 678 4143 ‘an
702 4103 791 4163 vero,
819 4081 893 4164 quia
917 4101 988 4143 curn
1012 4078 1157 4143 honestis
1180 4078 1271 4143 nimi-

128 4216 198 4259 rum
231 4193 416 4259 hominibus
448 4194 572 4278 bibisti,
603 4199 694 4259 tuum
726 4201 758 4260 te
790 4194 973 4259 condalium
1010 4198 1271 4277 recuperaturum

127 4311 261 4394 putas?'
287 4309 338 4373 Ita
360 4315 470 4375 autem
493 4311 570 4394 quid
594 4311 700 4393 prodit
724 4311 824 4394 aliud,
852 4333 949 4394 quani
972 4309 1057 4392 quod
1080 4308 1115 4372 in
1138 4310 1273 4374 eandem

125 4448 260 4512 prorsus
288 4426 483 4490 sententiam
510 4428 618 4511 paullo
648 4432 720 4510 post
744 4427 899 4510 sequitur:
926 4427 1114 4488 interesse
1136 4424 1273 4492 bonanus·

123 4542 302 4608 maneam
329 4546 357 4606 te
382 4543 526 4624 redipisci
548 4543 710 4623 pastillas?
740 4542 842 4625 qualis
875 4539 1087 4624 interrogatio
1121 4542 1272 4624 paucissi-

123 4679 251 4723 morum
276 4678 426 4722 versuum
450 4658 619 4722 intervallo
644 4658 759 4721 iterata
774 4657 877 4740 <privis
902 4656 1001 4720 sentit
1025 4678 1120 4740 quam
1145 4657 1271 4723 inficeto

121 4775 288 4860 langueat.
317 4771 388 4849 Qua
415 4794 486 4837 cum
515 4772 554 4835 ad
583 4773 856 4837 constructionem
883 4795 964 4856 opus
993 4773 1034 4836 sit
1062 4773 1167 4857 priore
1191 4775 1271 4858 loco,
