2932 5452
227 336 270 402 70
492 295 500 307 ’
726 295 880 391 Pssvsi
1171 335 1255 404 1112,
1267 342 1378 392 se-se

227 499 363 578 Quandd
387 499 518 585 quidem
540 503 578 565 lu
602 500 641 565 ad
665 502 718 565 mi
740 521 807 565 non
829 499 880 564 uis
902 500 1106 585 premissae,
1326 515 1381 566 485

227 606 295 672 Vin
318 606 359 672 sd
382 610 414 672 ie
439 607 479 671 ad
502 628 614 672 cenum
638 606 789 672 ueniam?

274 702 277 707 Ι
723 728 878 783 Emauouvs

814 820 849 885 Si
873 817 990 905 possit,
1013 820 1127 885 uelim:

228 927 349 993 Verum
373 925 427 993 hic
450 927 537 1009 apud
561 947 612 990 ms
636 927 755 991 sinant
778 924 880 991 alieni
899 947 1027 993 nouem.

724 1048 877 1104 (lumenve

227 1142 301 1208 Hau
325 1142 456 1226 pdstula
481 1139 629 1225 equidem
652 1140 726 1205 mid
748 1141 782 1205 in
804 1140 888 1206 lecto
912 1141 1115 1207 aeciimbere:

140 1298 150 1313 .
229 1249 299 1315 Seis
322 1252 358 1313 ts
381 1247 455 1312 med
477 1269 547 1312 esse
570 1269 670 1312 unum
693 1246 751 1313 imi
776 1247 911 1313 subselli
932 1249 1047 1314 uirum.

724 1372 880 1425 simum

230 1463 277 1527 At
300 1463 330 1527 ei
353 1463 498 1526 datores
522 1464 599 1525 sdnt
620 1463 744 1546 populi,
770 1460 892 1527 summi
912 1463 987 1529 uiri:

229 1569 405 1634 Ambrieis
428 1569 564 1633 ueniunt
584 1566 648 1632 hiis
672 1568 771 1652 legali
794 1568 934 1652 piiblice.

727 1688 881 1744 (inuentus
904 1712 909 1721 ·

233 1781 323 1867 Ergo
347 1782 493 1847 draioree
516 1782 627 1866 pdpuli
652 1784 828 1847 summatis
851 1782 915 1847 uiri

303 1938 363 1986 491.
385 1933 476 1986 Prave
493 1933 547 1985 suc
564 1932 727 1986 rettulerunt
742 1930 864 1987 Charisii
880 1952 910 2003 p.
925 1937 991 2000 213,
1006 1938 1047 1989 28
1065 1933 1247 1988 testimouium
1265 1933 1384 2002 publi-

232 2013 324 2066 citus
351 2029 365 2066 e
387 2012 478 2066 Sticho
506 2012 659 2079 afferentis:
686 2012 719 2066 de
741 2028 794 2081 quo
816 2014 879 2068 vide
902 2014 1047 2068 Rilschelii
1070 2013 1183 2083 Parere.
1204 2031 1235 2082 p.
1254 2018 1314 2069 368
1327 2032 1385 2085 sqq.

232 2094 332 2163 Itaque
354 2093 538 2160 improbanda
559 2108 614 2146 esse
635 2092 763 2146 videnlur
786 2109 856 2161 quae
873 2094 1012 2163 Beralciue
1028 2092 1133 2147 Diueu.
1153 2095 1260 2163 enlm
1281 2094 1337 2149 lite.
1357 2113 1385 2150 a.

229 2178 308 2229 1850
321 2190 352 2243 p.
372 2178 445 2227 1350
464 2189 493 2240 p.
513 2176 567 2226 344
585 2172 650 2225 adu.
671 2173 779 2240 profert
868 2177 919 2226 492
935 2189 974 2240 eq.
994 2171 1158 2228 Priscianus
1179 2173 1246 2227 VII
1262 2179 1299 2228 61
1320 2174 1385 2241 (Gr.

232 2253 551 2322 lat.11p.338,11):
579 2250 694 2305 Plautus
718 2251 747 2305 in
772 2251 868 2306 Sticho
892 2251 1080 2307 infimatis:
1110 2252 1206 2323 ‘Ergo
1298 2253 1385 2308 infi-

233 2332 317 2387 mus’
409 2332 486 2386 Idem
506 2330 588 2397 XII,
607 2336 644 2384 17
666 2331 727 2397 (Gr.
752 2333 799 2386 lul.
820 2331 858 2384 11
873 2349 902 2400 p.
923 2337 986 2400 587,
1005 2336 1049 2401 7).·
1077 2332 1196 2387 Plautus
1219 2332 1249 2387 in
1268 2332 1382 2389 sticho:

236 2413 338 2483 ‘Ergo
358 2455 408 2468 ...
428 2411 581 2466 iniimus’

229 2539 343 2594 tiorem:
372 2554 438 2607 age:
461 2536 510 2590 uix
532 2522 574 2589 ita
598 2535 750 2605 Geppeelus
767 2534 847 2591 Slud.
870 2536 914 2590 Pl.
933 2537 982 2591 vol.
1002 2534 1045 2589 II
1059 2552 1089 2605 p.
1108 2541 1146 2591 48
1169 2553 1204 2592 eae
1222 2538 1248 2592 A
1264 2541 1386 2607 profert.

232 2618 378 2689 Apertiore
399 2619 442 2671 uis
459 2616 509 2670 uia
527 2618 556 2671 et
573 2616 692 2672 Basilius
777 2621 838 2672 485.
858 2615 906 2669 Sic
924 2618 951 2669 A
1023 2616 1083 2688 GE]
1103 2616 1127 2671 G
1146 2617 1177 2671 D
1249 2616 1385 2684 Quando-

235 2699 347 2768 quidem
374 2696 496 2751 ODFZ
602 2699 681 2750 tuum
703 2694 833 2749 BGDZ.
875 2695 977 2750 lamihi
1001 2695 1037 2749 F.
1072 2698 1104 2749 tu
1133 2694 1171 2749 ud
1196 2711 1242 2749 me
1263 2695 1389 2751 Bolliius

235 2795 295 2834 eum
319 2779 354 2832 A.
392 2794 506 2846 operam
528 2779 606 2831 luam
633 2775 761 2857 Pylades.
804 2778 864 2829 lule
890 2776 927 2830 ud
950 2792 995 2829 me
1018 2774 1183 2829 Bitschelius
1293 2792 1388 2831 noenu

235 2860 372 2927 Bequius
392 2859 489 2924 Opusc.
509 2859 561 2910 vol.
581 2858 601 2909 Ι
617 2874 645 2924 p.
661 2861 715 2910 675
797 2860 859 2909 486.
879 2856 926 2909 Sic
945 2855 985 2920 A,
1009 2858 1066 2909 uisi
1083 2858 1155 2925 quad
1173 2868 1387 2923 Possmuiims

307 2939 373 2991 adis
393 2937 420 2989 B
511 2936 645 2990 aduenam
663 2937 700 2990 B.
737 2937 873 3008 adaenam
897 2935 945 3000 (ad
969 2952 1068 3006 senum
1086 2936 1127 3002 D)
1147 2934 1203 2989 01)
1295 2939 1419 3005 possit·

233 3018 389 3073 Acidaliae.
432 3016 536 3085 possim
560 3017 626 3071 libri
649 3033 709 3071 cum
732 3018 758 3069 A
849 3020 908 3068 487.
935 3014 957 3066 Ε
980 3032 1082 3083 praesu.
1107 3015 1151 3068 D:
1175 3019 1245 3082 spat.
1272 3015 1297 3070 0

233 3100 281 3153 Sic
300 3096 340 3161 A,
363 3098 420 3149 uisi
443 3097 514 3163 quad
533 3111 642 3162 NOUEM
734 3095 878 3168 cenanti)
966 3101 1026 3152 488.
1047 3095 1071 3148 G
1090 3113 1195 3165 praem.
1216 3096 1246 3149 D
1339 3099 1390 3153 Sic

233 3181 274 3244 A,
297 3179 354 3230 uisi
377 3177 449 3244 quod
467 3191 765 3244 Quinsmiumuscio
871 3175 954 3229 Haud
977 3177 1043 3229 libri
1062 3180 1172 3243 praeter
1190 3175 1218 3227 A
1320 3179 1387 3231 med

234 3257 263 3310 in
283 3259 357 3310 lecto
379 3255 565 3321 Oavmerariea,
584 3256 750 3311 Bitscleelius
769 3257 840 3311 Noa.
860 3273 914 3309 eac.
929 3272 961 3325 p.
981 3260 1024 3309 38.
1062 3270 1106 3308 me
1124 3254 1155 3308 in
1172 3255 1245 3310 lecto
1264 3256 1389 3318 (iniecto

234 3337 301 3405 ΒΟ)
328 3337 393 3390 libri
417 3353 478 3389 eum
501 3338 534 3389 A.
578 3335 607 3388 in
633 3335 706 3391 lecto
733 3338 796 3390 med
821 3336 986 3391 Ritedezius
1011 3336 1103 3390 edidit.
1150 3352 1195 3389 me
1223 3335 1282 3391 imo
1313 3339 1390 3393 lecto

240 3417 470 3485 Umpseubueliius
484 3415 549 3469 Mel.
566 3417 610 3469 Pl.
627 3434 657 3485 p.
673 3420 717 3470 35.
755 3433 799 3470 me
819 3432 927 3470 summo
946 3415 975 3468 in
994 3415 1066 3469 lecto
1083 3412 1216 3485 Pylades:
1234 3420 1311 3486 quod
1328 3435 1388 3472 isoes

233 3498 375 3566 displicuit
394 3497 589 3565 Kampmanua
609 3498 641 3550 de
661 3496 713 3548 IN
724 3513 822 3564 praep.
840 3511 867 3562 p.
889 3499 915 3548 6.
952 3512 997 3548 me
1015 3495 1107 3549 medio
1126 3494 1154 3549 in
1173 3495 1246 3550 lecto
1267 3498 1389 3567 Lipsius

234 3581 301 3632 Aul.
321 3578 379 3632 leel.
395 3576 455 3629 ΙΙΙ
524 3577 605 3630 Haud
625 3576 755 3646 equidem
774 3576 803 3628 in
824 3574 896 3629 lecto
914 3573 1027 3643 postulo
1045 3591 1089 3627 ms
1108 3576 1149 3629 sel
1163 3575 1245 3629 Haud
1264 3576 1296 3630 in
1312 3577 1389 3634 lecto

238 3657 367 3726 equidem
391 3656 504 3725 postulo
522 3673 566 3709 me
587 3658 739 3710 Muellerus
757 3657 833 3711 Pras.
855 3656 899 3709 Pl.
914 3673 944 3723 p.
965 3660 1020 3709 539
1109 3659 1168 3708 489.
1189 3654 1212 3707 Ε
1229 3658 1388 3724 praemi)

306 3738 352 3791 Sia
371 3739 411 3803 A,
435 3739 492 3790 uisi
510 3739 582 3805 quod
618 3750 792 3791 messenum
811 3743 835 3791 et
853 3750 955 3802 snum
1035 3734 1099 3788 med
1118 3751 1179 3789 esse
1199 3734 1387 3794 Camerarius.

234 3835 279 3872 me
299 3835 359 3872 esse
378 3819 443 3872 libri
461 3819 567 3871 cumA
653 3835 739 3871 unum
757 3817 807 3871 imi
826 3815 998 3870 Rilselulius.
1036 3814 1084 3867 uni
1103 3815 1169 3869 libri
1186 3832 1247 3870 eum
1267 3819 1311 3883 A,
1329 3821 1390 3873 uisi

234 3900 307 3967 quod
332 3898 412 3952 unius
432 3898 466 3950 F.
505 3896 554 3950 imi
574 3897 643 3950 Pius
733 3897 797 3951 med
815 3913 875 3951 esse
894 3896 943 3952 uni
961 3895 1013 3962 des.
1033 3895 1169 3949 Luelisius
1187 3896 1221 3949 de
1237 3913 1299 3966 qen.
1316 3908 1388 3967 us*

305 3981 365 4031 inte
385 3978 448 4031 med
469 3994 527 4031 esse
542 3977 592 4030 imi
606 3978 725 4031 Botlu'us
797 3977 858 4030 Seis
872 3979 934 4030 tute
947 3978 1020 4039 (late
1034 3977 1115 4028 etiam
1131 3975 1286 4030 Muellerus
1305 3979 1387 4033 Pros.

235 4057 277 4110 Pl.
294 4075 323 4124 p.
344 4062 409 4122 ssd)
431 4076 476 4112 me
496 4074 556 4112 esse
576 4057 672 4112 eunice
692 4057 808 4111 subselii
831 4056 1059 4124 Umpseabaeliius
1077 4057 1094 4111 l.
1114 4072 1134 4110 s.
1154 4072 1176 4109 s.
1249 4063 1313 4112 490.
1333 4073 1387 4112 Ατ-

234 4137 286 4197 (sel
301 4143 910 4205 E,1)ElORATORESSI'NTPOPULISUMMIUIR!
925 4138 952 4189 A
1006 4136 1084 4190 Alei
1099 4135 1272 4192 thscleelius.
1313 4142 1350 4193 At
1368 4140 1389 4193 ii

236 4215 301 4269 libri
320 4222 430 4282 praeter
453 4219 479 4269 A
579 4219 675 4288 populi
700 4221 766 4272 sant
788 4217 960 4272 Ritscleelius.
1003 4211 1070 4269 suns
1092 4214 1171 4285 popli
1193 4216 1316 4274 Balleius

236 4300 296 4348 491.
317 4294 363 4349 Sic
377 4297 414 4362 A,
432 4299 488 4350 uisi
506 4301 577 4365 quad
596 4299 901 4366 ssesuipimmcaved
915 4300 940 4364 1)
1012 4294 1177 4351 Ambroeeis
1189 4298 1218 4350 B
1236 4306 1304 4353 ante
1317 4316 1388 4354 eurr.

237 4375 402 4430 Ambracsia
415 4376 442 4428 B
461 4384 531 4445 (post
550 4384 631 4446 carr.)
646 4378 708 4433 01).
742 4376 904 4433 ambiushia
918 4375 948 4431 F
1013 4376 1086 4429 Anu
1104 4375 1159 4430 huc
1176 4384 1247 4446 spat.
1264 4378 1322 4432 OD

236 4455 339 4525 pulliee
358 4457 385 4508 B
458 4462 518 4510 492.
538 4458 680 4527 Gpraem.
700 4459 730 4512 D
801 4459 848 4514 Sic
866 4461 902 4525 A,
920 4459 978 4512 nisi
994 4458 1066 4527 qeeod
1084 4469 1193 4523 issum
