2932 5452
76 707 119 760 ΙΙΙ
138 714 163 776 2,
183 714 251 762 o-9
510 709 777 764 TRVCVLENTVS

571 927 723 981 Suum

76 1013 188 1079 Nimio
211 1016 316 1083 minue
340 1041 454 1084 saeuos
478 1019 543 1082 irim
567 1041 654 1103 eum,
683 1018 892 1103 Astaphium,
920 1019 1016 1104 quim
1040 1019 1094 1084 fui.
1207 1039 1220 1081 s

77 1121 146 1186 Iam
170 1126 277 1188 noenu
301 1146 374 1190 sum
398 1123 615 1189 truculentus:
638 1124 707 1188 noli
732 1126 883 1188 metuere.

78 1230 161 1306 Quid
184 1228 255 1296 ese?

567 1350 724 1407 Asuuemvu

237 1445 321 1522 Quid
343 1446 415 1511 uis?

569 1585 723 1640 &ruerem

400 1677 486 1754 Quin
508 1680 598 1741 tuum
622 1678 771 1761 exspecto
796 1677 1048 1763 obsequentiam.
1165 1695 1216 1746 675

570 1817 724 1869 Asuueuuvu

77 1908 137 1973 Dio
160 1908 275 1992 supere
298 1908 391 1991 mihi,
411 1907 491 1991 'quid
515 1908 565 1971 uie
589 1910 622 1970 et
646 1929 708 1990 quo
733 1906 783 1971 uss
808 1909 926 1975 modo?

574 2046 727 2102 eruerem

76 2138 189 2204 Nouos
213 2139 319 2203 omnis
343 2160 448 2202 mores
472 2137 590 2220 hetheo,
615 2143 740 2203 ueteres
765 2139 903 2222 perdidi:

148 2392 200 2442 673
214 2402 251 2454 sq.
271 2385 400 2439 Donatus
424 2384 461 2438 uel
487 2384 598 2438 Terenti
621 2384 735 2452 Adelph.
761 2384 797 2450 V,
815 2392 847 2451 9,
866 2392 919 2441 29:
937 2387 1012 2442 Beue
1031 2387 1060 2441 in
1079 2388 1219 2456 postremo

79 2465 205 2535 dignitus
224 2480 358 2534 personae
377 2464 459 2517 huius
479 2467 592 2517 seruate
612 2467 668 2532 est,
687 2467 788 2518 utnon
802 2468 937 2534 perpetuo
953 2470 1125 2522 commutato
1142 2467 1219 2521 uide·

75 2549 165 2613 retur,
185 2549 217 2599 ut
235 2545 398 2600 Truculenti
417 2545 492 2614 apud
511 2543 644 2598 Plautum
700 2543 794 2598 Cicero
808 2547 882 2613 epist.
899 2548 936 2600 aet
951 2547 1008 2601 An.
1025 2547 1114 2614 XVI,
1129 2553 1174 2613 15,
1188 2552 1219 2601 3:

74 2628 182 2695 Leptae
201 2626 358 2680 litterarum
377 2624 534 2695 exemplum
553 2626 606 2679 tibi
631 2623 708 2689 misi,
731 2641 765 2678 ex
785 2641 840 2692 quo
859 2625 928 2678 mihi
948 2626 1059 2679 uidetur
1078 2626 1220 2680 Suetulux

74 2704 227 2773 (stratillux
248 2706 290 2758 M.
320 2708 486 2772 (τρατύλλαξ
505 2706 618 2774 Rosius)
636 2704 686 2759 ille
705 2703 829 2758 deiectus
849 2705 882 2760 de
901 2705 1003 2774 gradu:
1029 2706 1077 2760 sed
1100 2709 1132 2759 tu
1157 2723 1219 2760 oum

72 2785 178 2856 legeris
198 2785 379 2840 existumubie

74 3031 137 3082 673.
157 3025 248 3080 minue
268 3043 348 3081 eeuoe
367 3026 431 3081 Lu.
460 3026 544 3097 inisse
567 3043 617 3079 uos
638 3025 667 3079 0.
699 3025 784 3080 inisse
803 3043 853 3081 uos
872 3027 908 3080 B.
942 3026 971 3080 in
995 3028 1038 3083 hie
1063 3045 1143 3083 seuos
1167 3030 1218 3097 (ee-

73 3124 128 3161 uue
147 3107 200 3175 D‘)
219 3107 249 3159 D
320 3107 376 3160 ium
392 3124 485 3161 eumue
505 3107 576 3172 (sum
596 3121 663 3160 corr.
680 3106 731 3173 l)⁴)
752 3107 911 3176 uetaphium
931 3108 1074 3178 (astaphise
1092 3108 1130 3174 B)
1149 3108 1218 3163 BD.

72 3186 226 3240 iumsumes
255 3188 415 3257 astaphium
446 3187 524 3256 G(iu
543 3203 576 3240 en
595 3188 624 3254 u)
781 3193 839 3241 674.
869 3189 927 3241 lum
955 3190 1069 3256 n(o)euu
1093 3187 1219 3241 Bottiue.

74 3267 135 3320 Iam
159 3283 213 3321 non
232 3267 268 3320 B.
302 3268 357 3321 iam
378 3268 415 3334 (ii
438 3267 478 3333 D)
501 3284 557 3320 uon
581 3267 668 3322 ceteri.
700 3266 770 3319 Tum
794 3284 850 3321 non
873 3269 1028 3322 Aeidnlius.
1066 3267 1139 3320 Nom
1163 3266 1220 3320 ium

71 3364 132 3401 nou
151 3346 313 3417 Speneelius
384 3351 509 3402 metuere
532 3344 644 3399 Mu.
678 3345 811 3400 metueris
830 3348 931 3400 Belo
963 3348 1010 3402 An
1029 3345 1093 3402 nolo
1113 3348 1220 3401 metue-

71 3424 136 3479 ris?
210 3432 268 3480 675.
285 3426 357 3492 Quid
373 3427 532 3493 oisl'Quid
550 3428 625 3495 uiell
639 3426 711 3491 Quin
728 3431 806 3482 tuam
826 3426 865 3483 S.
899 3426 972 3491 Quid
990 3428 1032 3481 uis
1052 3427 1100 3496 qui
1119 3427 1167 3481 tue
1185 3426 1220 3479 Β.

73 3506 146 3576 quid
168 3507 211 3560 uis
235 3506 357 3575 (quiduis
378 3506 411 3576 0)
437 3506 490 3572 Qui
513 3509 592 3562 tuam
617 3508 676 3562 01).
709 3509 776 3576 quid
803 3507 845 3562 uis
871 3510 935 3562 Asc.
963 3506 1035 3572 Quid
1058 3511 1135 3562 tuum
1155 3506 1218 3559 Le.

72 3584 133 3640 Sed
150 3586 217 3653 quid
241 3585 301 3641 aie?
328 3584 398 3640 Asu.
424 3586 492 3655 quid
516 3588 576 3641 uis?
604 3592 683 3642 tuum
704 3588 896 3643 Flecler'eenus
919 3590 951 3641 in
969 3606 1034 3642 ann.
1049 3589 1119 3657 pluit.
1139 3593 1157 3640 t.
1178 3584 1222 3637 01

71 3668 112 3731 (a.
136 3671 221 3733 1870)
237 3683 265 3734 p.
286 3673 355 3731 618,
374 3667 423 3720 ubi
440 3668 513 3720 leuno
531 3683 637 3720 versum
656 3684 716 3720 euru
735 3668 865 3722 Aeirlolio
883 3669 925 3720 ita
943 3674 1007 3722 onte
1024 3684 1048 3721 o.
1069 3671 1123 3721 674
1142 3665 1219 3718 eollo-

70 3745 161 3810 eooit,
179 3752 210 3799 ut
228 3763 252 3801 u.
273 3752 335 3800 671.
355 3751 504 3801 676-678
523 3763 578 3799 uno
597 3752 685 3799 tenore
703 3763 795 3799 sere-us
813 3746 942 3812 leqrentur
1040 3747 1171 3814 exspecto
1187 3743 1219 3797 Z.

72 3826 207 3893 expector
225 3825 322 3878 1301).
356 3828 455 3896 expeto
481 3825 507 3878 L
587 3825 798 3893 obsequentiam
823 3824 862 3880 ὃ.
897 3825 1052 3879 osculentiei
1075 3824 1144 3877 BD.
1178 3840 1220 3878 oe-

74 3905 229 3959 oulentiom
247 3905 274 3959 0.
307 3906 496 3960 truculentum
518 3906 549 3957 Z.
585 3904 783 3959 truculentiam
807 3906 845 3970 L,
868 3907 940 3974 qreoel
959 3907 1082 3973 plerique
1104 3906 1220 3957 retinue-

70 3989 142 4039 runt
167 3984 378 4053 (tusculentiam
408 3985 606 4039 Taubruannus
630 3985 731 4051 (inuit).
770 3982 812 4036 De
837 3984 957 4037 versibus
981 3987 1034 4036 671
1057 3999 1094 4050 sq.
1120 3983 1220 4035 vitiosa

67 4065 249 4134 protulerunt
268 4064 429 4133 Spenyeliue
451 4066 498 4131 (cf.
523 4065 659 4117 Luelsiue
682 4066 713 4117 in
737 4063 856 4117 Studern.
877 4062 954 4117 Seue.
974 4062 995 4114 Ι
1012 4066 1108 4130 1146),
1126 4061 1218 4113 Kiees-

72 4143 180 4211 linyius
203 4145 250 4208 (es.
277 4144 430 4198 Muellerus
445 4161 474 4212 p.
500 4149 578 4210 706),
606 4144 753 4213 Muelrlyue
779 4143 795 4196 l.
819 4159 839 4197 s.
863 4159 883 4199 e.
906 4159 936 4211 p.
961 4145 1018 4196 122
1037 4159 1088 4210 sq„
1113 4140 1221 4216 iruulsa

72 4223 231 4277 Muellerus
258 4223 396 4277 ‘Nectite'
419 4243 449 4293 p.
475 4229 528 4278 147
557 4229 637 4292 atqru
662 4223 789 4293 Buyqius
811 4222 843 4275 in
870 4222 969 4276 Philet.
1001 4227 1019 4277 t.
1041 4221 1157 4273 XXXI
1181 4225 1196 4286 (
1213 4263 1219 4274 .

72 4306 165 4369 1872)
171 4319 201 4370 p.
212 4307 271 4356 260
285 4319 322 4370 sq.
342 4306 469 4356 truncum
490 4302 596 4356 lentum
610 4304 657 4369 (ef.
668 4320 692 4357 o.
703 4306 773 4367 266)
799 4303 840 4354 oet
858 4303 902 4356 le'e
923 4303 1114 4369 intorquentes,
1136 4318 1221 4369 neque

70 4382 224 4452 Seyffertus
242 4383 386 4451 quiequam
398 4383 517 4450 profecit
531 4384 562 4435 in
578 4384 679 4438 Plu'lol.
699 4388 717 4435 t.
735 4381 848 4435 XXIX
865 4386 902 4446 (a.
921 4384 1006 4445 1870)
1021 4397 1050 4448 p.
1070 4386 1141 4447 38&
1156 4396 1219 4434 cnu-

73 4463 134 4516 tius
147 4463 282 4515 iudicavit
297 4463 424 4516 Goetee'us
443 4463 473 4516 iu
492 4463 554 4517 Aet.
573 4479 624 4516 soe.
640 4464 709 4531 plril.
724 4462 802 4530 Lips.
822 4467 839 4514 t.
856 4462 902 4514 VI
910 4478 939 4529 p.
950 4464 1008 4515 288
1022 4475 1076 4528 sqq.

145 4548 205 4596 676.
225 4542 383 4597 Rectissime
396 4544 469 4596 leuno
483 4560 587 4596 vererere
602 4544 736 4611 Astaphio
749 4542 847 4595 tribu-it
862 4540 1034 4608 Spennelius,
1053 4556 1218 4608 quaerentium

69 4623 266 4692 improbarunt
284 4623 340 4688 fere
358 4639 447 4676 omues
519 4622 564 4675 elie
576 4623 630 4675 OD
702 4623 809 4689 impera
824 4621 888 4675 ΒΖ.
909 4619 1036 4688 incipere
1054 4620 1145 4674 Boo
1165 4620 1216 4688 (iu-

71 4703 137 4773 oipe
155 4719 188 4755 ro
206 4701 256 4758 12⁴.
289 4701 536 4772 inciperemihiC)
623 4702 691 4771 quid
710 4702 739 4754 D
757 4701 786 4768 (d
806 4718 819 4754 e
837 4701 918 4767 corr.)
992 4699 1035 4752 uis
1054 4699 1218 4754 Lambinus.

71 4816 131 4874 tibi
150 4818 217 4873 lutri
288 4817 355 4887 quid
373 4818 454 4872 lubet
472 4835 527 4887 quo
546 4837 571 4873 u.
592 4837 628 4873 m.
647 4816 830 4872 Buechelerus
907 4821 967 4871 677.
988 4799 1059 4870 omis
1078 4815 1139 4871 BD
