2932 5452
639 1258 866 1334 AOTVS
900 1258 968 1332 IV

685 1565 920 1623 DAEMONES

230 1697 317 1765 Bene
341 1700 462 1765 facturn
487 1704 519 1765 et
541 1699 640 1784 uolup
664 1704 715 1764 est
736 1703 788 1764 me
810 1698 907 1765 hodie
930 1700 981 1765 his
1005 1701 1204 1768 mulierculis

231 1806 391 1873 Tetulisse
415 1808 588 1873 auxilium:
612 1807 677 1871 irim
701 1807 846 1872 cluentes
865 1807 1003 1893 re'pperi,

228 1907 337 1999 Atque
361 1916 474 1979 ambas
498 1914 604 1980 forma
627 1912 745 1979 scitula
767 1917 865 1999 atque
888 1915 1042 1980 aetatula

230 2020 293 2086 Sed
315 2022 397 2086 uxor
420 2022 558 2087 scelesta
581 2043 632 2086 me
655 2021 805 2086 omnibus
829 2023 938 2086 seruiit
960 2021 1074 2106 modis,
1326 2040 1379 2090 aas

228 2125 338 2212 Nequi
358 2128 536 2213 significem
560 2125 726 2213 quidpiam
749 2127 958 2193 mulierculis.

230 2231 291 2298 Sed
316 2233 437 2319 Gripus
461 2257 571 2301 seruos
594 2235 705 2300 ndster
728 2234 804 2321 quid
827 2239 934 2299 rerdm
958 2238 1051 2321 gerat

228 2339 344 2425 Miror,
368 2342 406 2407 de
430 2347 524 2408 nocte
547 2342 602 2427 qui
626 2342 709 2406 dbiit
730 2342 891 2426 piscatum
914 2340 954 2405 td
978 2363 1076 2407 mare.

229 2446 289 2513 Pol
313 2450 416 2533 mdgis
441 2450 593 2535 sapisset‚
617 2447 648 2513 si
669 2448 876 2514 dormiuisset
898 2449 998 2514 domi:

302 2657 353 2706 899
368 2668 422 2720 sqq.
442 2652 606 2706 Prisciumus
623 2653 689 2706 inst.
705 2651 769 2704 VII
782 2669 812 2719 p.
831 2650 1009 2717 332,19H..·
1027 2654 1087 2707 retc
1107 2692 1157 2706 ...
1174 2695 1180 2707 .
1200 2652 1377 2720 quodetiam

229 2732 363 2787 feminino
383 2747 484 2801 genere
503 2731 621 2799 protulit
638 2729 712 2784 idem
732 2730 761 2783 in
780 2731 907 2786 Rudente
932 2732 1006 2801 ‘pol
1026 2771 1166 2787 .......
1186 2733 1377 2800 tempestas

229 2812 296 2865 est'
319 2812 397 2865 Mem
415 2813 480 2866 inst.
502 2811 533 2863 X
550 2827 576 2879 p.
598 2814 660 2877 500,
680 2814 729 2863 10.-
748 2811 827 2878 sapio
846 2812 904 2865 tam
925 2812 1006 2881 sapui
1024 2811 1069 2865 uel
1089 2810 1161 2881 sapii
1180 2829 1265 2881 quarn
1285 2812 1377 2879 sapiui

228 2891 379 2959 protulisse
398 2892 525 2945 auctores
545 2890 732 2945 inueniuntur.
770 2889 860 2944 Probo
879 2893 974 2945 tamen
993 2892 1074 2961 sapui
1093 2892 1202 2960 placuit
1219 2891 1285 2959 dici,
1304 2891 1378 2945 Cha·

227 2972 293 3025 risio
308 2971 390 3040 sapui
404 2972 449 3025 uel
468 2971 568 3040 sapiui,
583 2972 672 3039 Aspre
692 2970 782 3039 sapiui
802 2973 831 3025 ct
850 2969 923 3038 sapii
942 2972 1094 3025 secundum
1109 2971 1280 3038 Varronem,
1300 2971 1377 3040 quod

228 3048 377 3103 Diomedes
396 3067 505 3117 quoque
525 3050 672 3118 approbat.
710 3048 816 3104 Nonius
835 3052 930 3104 tamen
950 3050 1099 3105 Marcellus
1119 3052 1288 3106 demutatis
1308 3067 1375 3104 con-

228 3129 418 3198 iugationibus
438 3132 478 3184 sio
493 3131 585 3199 ponit:
605 3129 695 3198 supini
711 3146 760 3199 pro
775 3129 857 3199 sapui
877 3171 989 3185 .....
1010 3128 1099 3199 Caper
1112 3133 1262 3201 utrumque
1277 3133 1306 3185 in
1322 3149 1375 3185 usu

228 3226 287 3263 csse
302 3210 458 3263 contendit:
474 3208 605 3262 Afranius
620 3210 648 3262 in
660 3209 834 3263 Brundisinis
850 3209 988 3277 ‘equidem
1001 3229 1074 3265 nunc
1084 3211 1210 3282 resipiui,
1224 3214 1376 3281 postquam

227 3292 325 3358 pectus
345 3291 388 3343 est
406 3288 517 3344 laetitia
536 3290 689 3355 onustum',
709 3289 826 3343 Plautus
845 3290 873 3343 in
888 3289 1015 3344 Rudente
1037 3290 1110 3359 ‘pol
1129 3329 1246 3345 .....
1267 3290 1374 3346 domi‘

294 3488 354 3541 Act.
373 3487 423 3539 IV
439 3487 481 3540 Sc.
498 3492 512 3539 1
586 3484 751 3539 DEMOMIS
772 3484 878 3538 salax
894 3485 924 3539 D
941 3487 973 3539 in
990 3486 1044 3552 fine
1062 3501 1084 3539 v.
1099 3490 1153 3540 891
1173 3501 1223 3541 cm.
1242 3503 1282 3556 sp.
1298 3490 1373 3542 item·

225 3584 276 3636 quc
290 3568 354 3621 ΓΖ.
392 3569 509 3621 dirorum
528 3583 552 3619 o.
571 3582 611 3635 ap.
627 3567 668 3631 B,
686 3563 810 3620 uniusO
880 3571 939 3619 892.
955 3565 1113 3617 enelactum
1132 3581 1153 3618 c.
1168 3581 1208 3633 sp.
1224 3565 1306 3620 irt0

225 3648 405 3716 uolupastB.
435 3646 730 3715 uolupeestCDFZ
800 3646 900 3698 mulier
915 3642 1081 3713 culisD(*)
1154 3650 1214 3698 893.
1230 3646 1375 3701 tetulisse

227 3738 288 3792 OD.
308 3738 437 3790 retulisse
454 3736 484 3789 F
544 3736 663 3790 clientas
678 3734 775 3790 BFZ.
794 3733 903 3787 dientes
919 3734 947 3786 0.
965 3721 1082 3786 ‘dientes
1096 3731 1126 3784 D
1189 3738 1250 3787 894.
1270 3736 1378 3789 scitula

226 3819 293 3872 DZ.
327 3817 434 3873 sortulu
454 3816 529 3885 G(*)
602 3821 662 3870 896.
684 3816 725 3869 Ne
744 3813 792 3883 qui
811 3814 957 3869 Acidaliae
976 3812 1040 3865 Dio.
1056 3829 1086 3880 p.
1107 3815 1167 3865 444.
1205 3813 1320 3880 Nequid
1341 3815 1375 3869 Β.

225 3915 259 3951 ne
278 3898 482 3966 quidCDFZ
549 3896 717 3965 significem,
740 3912 833 3949 cccco
852 3894 962 3960 aluid„
980 3893 1008 3946 B
1076 3891 1220 3960 quippiam
1241 3894 1310 3948 libri

226 3976 413 4032 mulierculis
433 3978 460 4030 B
532 3981 592 4030 897.
612 3975 708 4046 gripus
729 3992 842 4029 seruus
862 3974 897 4028 B.
921 3974 1037 4042 grippus
1056 3989 1151 4026 seruus
1172 3970 1295 4027 ODFZ

226 4096 285 4145 898.
301 4092 337 4143 ad
351 4109 500 4159 suprascr.
517 4093 544 4146 B
611 4099 671 4146 899.
687 4091 805 4161 cupisset
819 4090 854 4143 F.
874 4087 950 4158 sapis
965 4089 1012 4142 sed
1023 4089 1058 4142 B.
1079 4087 1153 4156 sapis
1169 4087 1223 4142 Sed
1236 4086 1264 4143 0.
1285 4064 1378 4159 sapit-

225 4171 275 4223 sed
294 4169 347 4223 Sed
367 4174 410 4239 Ι),
433 4175 482 4226 ubi
508 4172 556 4226 sed
576 4176 626 4240 (sic
645 4177 656 4227 t
675 4190 708 4227 esc
727 4172 755 4241 d)
779 4177 803 4225 ct
822 4170 884 4224 add.
903 4174 929 4222 rt
947 4169 997 4222 dcl.
1017 4168 1061 4221 12²
1079 4174 1110 4223 ut
1127 4169 1197 4235 uid„
1223 4185 1253 4222 se
1273 4171 1377 4226 iterum

224 4252 288 4304 add.
309 4252 357 4304 Dl.
388 4252 526 4319 sapuisset
546 4252 572 4303 Z
588 4259 613 4306 et
634 4252 711 4306 ‘libri
728 4252 789 4306 υθέ)
806 4251 939 4304 Lurulriui
957 4266 1018 4303 cum
1035 4249 1192 4316 Prisciuuo,
1211 4252 1261 4305 ubi
1280 4256 1378 4321 priore

225 4332 282 4385 loco
302 4331 364 4384 ΡΒ
384 4336 407 4384 et
427 4348 460 4384 en
484 4330 636 4399 sapiuisset
654 4332 715 4384 BG
738 4334 850 4398 tabent,
877 4332 962 4384 altero
990 4330 1046 4382 loco
1071 4330 1097 4382 L
1120 4330 1286 4399 (supinisset
1305 4335 1377 4389 BG.

224 4412 355 4480 supiisset
374 4412 404 4463 K
411 4418 418 4477 )
437 4429 470 4465 an
490 4412 575 4479 (upra
596 4415 728 4465 seruientia
855 4409 1002 4464 dormisset
1020 4410 1184 4464 Priscianus
1200 4414 1299 4480 priore
1318 4416 1379 4470 loro

224 4499 247 4546 et
267 4492 294 4544 B
312 4495 370 4545 murs
389 4488 435 4546 ult.
456 4493 525 4558 loco,
543 4493 592 4545 uti
611 4493 791 4546 dormiuisset
809 4493 890 4546 ceteri
908 4506 969 4546 cum
987 4489 1077 4542 1301)
1085 4489 1145 4543 ΡΖ
