2932 5452
318 436 332 451 *Ι

446 860 448 864 .
543 791 749 846 PRAEFATIO
1148 792 1222 847 LVII

139 968 232 1053 mplis
255 968 406 1035 omnibus
427 972 496 1035 tam
519 970 649 1034 evidens
676 973 726 1034 est
749 971 910 1035 artissimo
934 972 1071 1036 actionis
1095 973 1222 1037 vinculo

140 1108 234 1150 arum
261 1106 449 1151 scaenarum
477 1086 689 1171 perpetuitaS,
717 1090 753 1150 ut
781 1086 875 1151 alicui
899 1088 1132 1173 intercapedini
1155 1111 1222 1153 mu-

139 1224 163 1266 e
191 1201 300 1266 nullus
327 1201 417 1267 locus
444 1202 496 1266 sit.
523 1200 608 1266 Sunt
634 1205 741 1267 autem
770 1224 826 1267 eae
853 1225 1002 1289 scaenae,
1029 1205 1056 1268 si
1084 1204 1124 1269 ab
1157 1227 1223 1269 una

158 1317 181 1380 4
203 1316 396 1401 discesseris,
417 1317 508 1382 iuxta
526 1321 623 1402 atque
646 1317 705 1402 Ill,
727 1319 741 1381 1
768 1317 824 1382 illa
841 1318 1013 1383 trochaicis
1032 1320 1231 1405 septenariis·

139 1424 278 1516 apositae
309 1454 430 1498 omnes.
462 1432 580 1510 Quales
612 1455 684 1498 cum
721 1432 932 1498 certissimum
969 1435 1011 1499 sit
1047 1436 1222 1500 secundum

139 1570 224 1612 erum
251 1548 460 1633 partitionem
488 1571 555 1614 non
582 1550 611 1614 ei
641 1549 752 1635 generi
776 1549 979 1614 adnumerari
1003 1551 1088 1634 quod
1112 1553 1225 1616 ‘canti-

162 1663 357 1749 continetur,
380 1665 436 1730 sed
459 1665 488 1730 ei
512 1665 598 1750 quod
621 1665 795 1730 ‘diverbiis'
821 1662 968 1750 (prorsus
991 1667 1078 1753 enim
1101 1666 1227 1732 diversa

139 1779 320 1846 >nariorum
347 1781 431 1846 ratio
459 1779 538 1867 est),
564 1803 631 1847 non
659 1782 779 1865 poteris
807 1803 885 1860 sane
907 1781 972 1846 illis
995 1783 1226 1868 praescriptam

145 1898 259 1960 notam
283 1897 487 1981 interpretari
511 1909 685 1980 Orurrcvu,
712 1897 767 1962 sed
790 1898 928 1962 fortasse
951 1898 1072 1983 poteris
1096 1913 1226 1968 Cauros.

139 2034 150 2076 3
188 2012 305 2077 sentio:
342 2012 427 2077 inter
454 2012 598 2078 diverbia
624 2014 693 2077 sola
726 2017 870 2078 actorum
899 2036 976 2079 voce
1004 2014 1140 2078 recitata
1166 2034 1226 2077 nec

139 2149 254 2212 equam
286 2129 426 2193 musicae
459 2129 537 2193 artis
570 2128 794 2213 adsciscentia,
832 2130 941 2214 <prelia
977 2133 1054 2195 saint
1090 2129 1225 2193 senariis

139 2244 227 2309 *ibicis
255 2246 447 2329 scriptarum
475 2266 680 2329 scaenarum,
707 2248 803 2329 atque
832 2246 934 2310 altera
957 2268 995 2309 ex
1019 2248 1110 2330 parte
1132 2245 1225 2309 tibia-

139 2384 149 2424 1
175 2360 288 2425 modos
312 2361 538 2446 perpetuantia
557 2361 683 2425 cantica
702 2360 905 2426 liberioribus
923 2362 1066 2426 numeris
1088 2361 1226 2444 condita,

139 2476 226 2541 uisse
254 2477 393 2541 medium
421 2476 582 2560 quoddam
610 2497 713 2561 genus
740 2478 871 2540 tertium
894 2477 1090 2542 intercedere
1113 2477 1226 2541 talium

139 2614 270 2656 enarum
298 2592 444 2657 iambicis
475 2593 584 2677 paullo
612 2593 871 2676 concitatior-um,
904 2617 1038 2677 quarum
1066 2593 1225 2657 recitatio-

139 2733 152 2771 1
174 2708 313 2792 quadam
332 2714 427 2773 tenus
447 2708 545 2772 tibiae
564 2708 742 2772 modulatio
763 2709 870 2791 aliqua
890 2710 1106 2793 comitaretur,
1123 2709 1227 2773 rarior

160 2824 291 2908 quidem
315 2825 480 2907 multoque
495 2847 591 2907 (luam
615 2825 648 2888 in
673 2825 806 2888 canticis
831 2825 1013 2909 modestior,
1037 2825 1092 2888 sed
1115 2825 1225 2889 modu-

139 2963 158 3004 ο
180 2943 300 3023 tamen,
314 2961 411 3023 quam
430 2940 632 3004 sermonibus
652 2944 788 3004 cantor
812 2940 950 3004 adderet.
970 2940 1040 3016 Qua
1059 2941 1092 3004 in
1111 2963 1225 3005 caussa

139 3055 157 3119 d
187 3076 255 3119 non
284 3059 333 3119 est
360 3056 610 3140 neglegendum,
638 3078 705 3120 non
734 3057 857 3138 aliquot
879 3058 1021 3139 tantum,
1044 3056 1099 3120 sed
1123 3060 1225 3140 septe-

139 3171 180 3235 iis
216 3170 351 3255 scriptas
389 3191 521 3234 scaenas
555 3171 735 3235 Trinummi
768 3193 879 3235 omnes
912 3171 1001 3235 illam
1038 3171 1076 3236 C·
1114 3175 1224 3236 uotam

139 3286 280 3350 scedere.
308 3285 443 3351 Accedit
466 3287 565 3370 quod,
593 3310 687 3370 quem
712 3310 749 3350 ea
772 3288 878 3351 locum
901 3290 989 3372 post
1012 3288 1225 3372 praescriptas

139 3425 216 3467 anae
245 3402 397 3486 cuiusque
425 3424 580 3486 personas
602 3402 714 3486 habel,
742 3403 826 3467 idem
849 3403 884 3467 in
908 3403 990 3467 veris
1014 3403 1147 3467 canticis
1171 3403 1225 3466 alii

139 3518 242 3583 ationi
270 3519 348 3582 item
377 3518 417 3582 ad
446 3521 576 3583 cantum
605 3519 764 3602 spectanti
792 3520 946 3584 tribuitur
978 3542 997 3583 a
1028 3518 1159 3583 Donato
1191 3518 1225 3581 in

139 3634 283 3699 elatione
307 3633 479 3718 Adelphon
506 3634 557 3697 his
587 3634 704 3697 verbis:
733 3634 912 3699 ‘modulata
937 3639 985 3699 est
1008 3638 1116 3698 autem
1138 3633 1226 3697 tibiis

139 3750 202 3814 tris
226 3800 340 3832 .....,
365 3771 459 3833 saepe
482 3754 592 3813 tamen
616 3750 748 3814 mutatis
772 3772 829 3833 per
853 3771 1001 3814 scaenam
1025 3750 1128 3814 modis
1152 3772 1225 3813 carn·

139 3865 198 3952 Nl),
222 3865 308 3949 quod
332 3865 494 3950 significat
517 3866 657 3929 titulus
686 3888 861 3949 scaenae,
883 3865 1007 3928 habens
1031 3865 1225 3928 subiectas

139 3982 263 4047 ¹sonis
287 3982 412 4045 litteras
435 3979 599 4044 M·M·c·’
626 3980 702 4063 (hoc
725 3984 774 4043 est
797 3981 971 4063 interprete
986 3978 1022 4041 G.
1036 3978 1224 4042 Hermanno

140 4098 317 4162 isculorum
346 4096 361 4159 I
389 4120 419 4180 p.
443 4096 508 4160 295
539 4100 721 4159 ‘mutantur
752 4096 839 4159 modi
872 4094 1019 4158 cautiei':
1052 4092 1113 4156 nisi
1141 4092 1225 4155 forte

139 4212 227 4277 itatis
242 4213 345 4277 modis
360 4216 525 4276 cantatur'
550 4211 784 4294 praeteream]
810 4210 934 4274 ‘modos
953 4211 1057 4272 mutat
1076 4208 1225 4293 cantor’).

139 4354 160 4392 ιι
195 4328 392 4392 conficerent
419 4332 571 4409 extraque
604 4327 839 4391 dubitationem
872 4327 1030 4409 ponerent
1062 4322 1225 4389 Ciceronis

166 4629 192 4694 *)
218 4628 263 4680 Sic
287 4628 361 4680 enim
384 4627 527 4694 proditum
552 4630 593 4680 est
616 4627 643 4678 in
667 4626 861 4693 antiquissimo
884 4624 980 4677 codice
1003 4623 1129 4677 Parisino
1152 4639 1169 4676 a
1192 4622 1225 4679 G.

139 4714 231 4767 melio
250 4715 280 4766 ct
298 4711 327 4765 E.
341 4712 468 4781 l'atzigio
487 4729 551 4765 mea
568 4710 659 4778 gratia
677 4710 797 4776 conlato,
811 4727 865 4762 non
879 4709 954 4778 quod
968 4710 1099 4781 vulgatur
1117 4710 1224 4765 calaico

139 4800 211 4854 uait.
