2932 5452
157 338 209 378 m
625 303 833 359 rnlnrnnro

250 471 380 536 Etenim
405 492 500 553 quam
525 469 775 553 explicationem
799 468 987 532 mendorum
1011 473 1047 534 et
1069 468 1105 533 in
1128 467 1239 534 ceteris
1256 462 1291 529 la·

157 578 243 644 bulis
277 583 309 642 et
343 579 375 641 in
410 578 481 661 ipsa
513 575 709 640 Truculento
743 596 815 639 oum
848 574 905 639 alii
937 575 1088 640 homines
1120 574 1206 640 docti
1234 578 1292 637 tum

157 685 330 750 Muellerus
355 685 484 767 saepius
508 683 734 765 adhibuerunt,
757 703 829 746 eam
852 681 1014 746 latissime
1037 686 1151 765 patere
1172 681 1207 745 in
1225 676 1292 747 'Pru

160 793 287 857 culeuto
312 790 418 874 magis
441 788 610 873 magisque
633 787 792 852 intellexi:
816 787 929 852 alienis
954 788 1041 852 enim
1065 787 1150 853 loeis
1172 786 1296 867 litterae,

159 898 319 982 syllabae,
343 918 438 961 voces
462 896 575 959 illatae
600 898 685 978 sunt,
709 915 791 978 quae
814 894 893 959 olim
917 894 985 959 sire
1009 895 1044 958 iu
1067 894 1218 981 margine
1239 892 1296 957 sire

158 1003 246 1067 iutra
276 1025 385 1067 versus
414 1003 596 1086 adscriptae
625 1002 762 1067 fuerant.
808 991 901 1078 Quod
928 1022 1002 1065 eum
1031 1001 1181 1085 adprime
1202 999 1297 1064 valeat

159 1109 199 1172 ad
229 1109 387 1173 librorum
416 1110 606 1174 memoriam
638 1112 725 1172 reete
758 1111 791 1171 et
818 1107 1057 1173 diiudicandum
1081 1112 1117 1172 et
1140 1106 1297 1174 emendan-

158 1216 243 1299 dam,
266 1215 371 1280 faeere
393 1238 458 1279 non
483 1238 616 1298 possum
640 1214 718 1299 quin
741 1215 922 1280 accuratius
945 1216 1121 1281 illustrem.

248 1322 362 1406 ltaque
386 1322 594 1406 praemittam
618 1321 707 1385 locos
731 1321 797 1384 iarn
817 1319 864 1383 sie
883 1320 1074 1405 explicatos,
1097 1321 1296 1405 plerosquea

159 1427 358 1515 Muellero.¹)
405 1428 467 1505 Qui
496 1431 529 1492 et
552 1452 581 1494 v.
603 1428 665 1492 195
688 1449 869 1511 pronomen
891 1427 927 1491 in
951 1426 1114 1494 Palatinis
1137 1448 1293 1493 excurrens

160 1536 234 1600 inde
267 1536 431 1620 repetivit,
460 1536 545 1621 quod
574 1536 659 1599 idem
692 1535 732 1599 ab
761 1535 863 1599 isdem
892 1556 920 1599 r.
947 1535 1010 1599 194
1040 1531 1246 1619 omittitur¹),
1267 1536 1293 1597 et

160 1666 188 1708 r.
212 1643 276 1707 238
301 1648 388 1709 recte
412 1644 474 1708 buc
497 1644 623 1708 rettulit
648 1641 736 1729 (vide
760 1640 859 1728 iufra)
883 1646 978 1707 etex
1002 1665 1032 1706 v.
1050 1642 1120 1707 330
1143 1644 1191 1707 toi
1211 1663 1291 1707 sensu

161 1773 287 1815 cassum
317 1751 358 1815 ad
387 1773 515 1816 versum
543 1750 786 1835 praecedentem
815 1746 984 1834 retraxit³)
1008 1754 1042 1814 et
1065 1772 1096 1814 v.
1120 1749 1185 1814 696
1206 1750 1291 1813 mm

162 1880 261 1941 prave
290 1863 480 1942 usurpatum
511 1880 581 1921 esse
609 1857 702 1939 vidit,
730 1878 802 1920 cum
831 1859 927 1920 autea
949 1878 1031 1921 encre
1055 1879 1096 1922 ex
1118 1858 1221 1921 iamne
1238 1876 1318 1919 eor·

161 1968 293 2048 ruptum
309 1969 404 2049 esset,
424 1970 456 2029 et
475 1988 502 2029 v.
522 1965 586 2029 803
610 1966 707 2046 inpura
726 1962 766 2027 ad
787 1964 906 2045 loquere
924 1963 1126 2047 adscriptum
1145 1962 1287 2049 perspexit

162 2072 292 2155 proprie
317 2073 356 2136 ad
380 2074 472 2155 inpare
495 2095 524 2137 v.
548 2072 612 2137 802
637 2070 863 2155 corrigendum
888 2076 1043 2156 spectare.
1092 2070 1164 2136 Huc
1185 2068 1287 2135 aoeedd

162 2176 247 2259 quod
276 2176 469 2264 Bergkius⁴)
497 2180 602 2243 lenem
633 2201 661 2242 v.
685 2179 749 2242 358
774 2180 991 2261 corruptelam
1019 2179 1067 2243 sie
1091 2176 1244 2262 expedivit
1260 2178 1285 2239 et

162 2282 368 2370 Seyffertusfp
393 2308 420 2350 v.
443 2288 518 2370 454,
541 2286 597 2349 ubi
619 2287 685 2349 (lico
709 2306 767 2369 pro
791 2285 882 2349 (lecito
905 2285 1126 2367 reponendum
1149 2289 1226 2367 erat,
1248 2283 1282 2346 si·

163 2391 228 2454 mul
261 2396 368 2457 autem
397 2414 509 2456 versus
538 2391 632 2454 initio
660 2392 700 2453 id·
723 2412 774 2473 epo
801 2412 860 2474 pro
891 2412 942 2473 epo
964 2395 998 2454 et
1020 2391 1152 2476 linguae
1174 2414 1240 2457 usus
1258 2396 1283 2453 et

163 2503 300 2562 metrum
327 2498 582 2580 commendabat,
606 2498 640 2561 id
663 2519 702 2561 ex
725 2492 796 2581 ipso
819 2499 928 2562 dicito
951 2498 1164 2583 exprompsit
1204 2496 1282 2562 Deni-

163 2629 223 2687 que
249 2605 341 2688 ego‘³)
367 2628 394 2670 v.
420 2607 461 2670 74
487 2606 524 2668 id
544 2625 657 2687 clupeo
674 2604 790 2685 populo
813 2605 852 2667 in
876 2601 942 2689 (vel
966 2605 1001 2668 in
1017 2604 1150 2689 popndo)
1171 2604 1213 2669 nil
1232 2601 1281 2666 uisi

164 2715 200 2774 ia
224 2733 263 2774 rie..
282 2733 315 2792 p.
340 2733 409 2774 esse
435 2711 558 2794 sumpsi
583 2716 629 2792 et,
654 2708 813 2774 ‘versum’
837 2709 866 2793 I,
893 2712 923 2793 l,
946 2712 989 2775 43
1015 2712 1070 2775 ubi
1095 2711 1211 2796 expuli,
1232 2729 1280 2792 quo

162 2820 233 2881 loco
265 2820 362 2881 verba
391 2820 532 2884 lcrrornun
556 2825 584 2880 el
610 2823 778 2881 scortorum
800 2818 876 2898 plus
903 2823 946 2880 aa
973 2819 1048 2882 libri
1078 2841 1115 2882 ex
1145 2818 1172 2902 l,
1201 2820 1227 2900 l,
1249 2816 1281 2878 lt

163 2930 206 3005 (v.
235 2926 293 3009 64)
327 2926 518 3008 simpliciter
555 2928 705 3006 repetunt
742 2921 974 3009 (florenosorum
1011 2924 1171 2989 lrornimma
1204 2947 1228 2987 r.
1250 2921 1281 2985 13

163 3030 425 3113 explicandorum
472 3029 582 3115 carisa)
630 3030 806 3112 praemisso
850 3030 964 3110 straden,
1010 3033 1192 3114 suspicatus
1229 3052 1281 3093 sum

239 3238 262 3300 l)
283 3234 369 3286 ‘l'ros
390 3232 492 3285 Plane?
513 3249 539 3299 p.
559 3238 659 3299 oalsq.
680 3237 739 3287 674,
778 3231 872 3286 ‘Add’
893 3251 919 3302 p.
940 3239 981 3287 86.

240 3318 267 3380 ⁶2)
283 3315 418 3381 peperisse
437 3314 537 3366 ared-iul
556 3314 585 3365 et
603 3318 633 3364 ln
652 3329 707 3365 com
728 3329 768 3365 ore
790 3330 883 3366 oerore
901 3316 940 3373 Λ,
967 3313 1057 3369 lleiaii
1076 3317 1224 3386 Botbiiqne
1240 3334 1289 3370 con·

163 3392 284 3448 iacturas
300 3395 458 3448 stabiliens:
478 3399 508 3446 lu
523 3409 563 3445 mc
577 3410 669 3446 carcre
679 3396 708 3446 et
712 3395 848 3461 peperisse
858 3411 915 3447 cam
924 3397 1025 3449 nardini
1041 3396 1138 3462 130133
1158 3396 1234 3466 atqui
1246 3414 1292 3450 cors

163 3495 188 3529 v.
211 3480 260 3527 195
286 3492 340 3528 uon
368 3475 451 3528 modo
478 3472 673 3526 l‘leclreisenus
699 3473 766 3526 olim
793 3474 957 3528 defenderat
979 3476 1008 3529 in
1032 3493 1096 3529 ann.
1122 3477 1192 3547 phil.
1209 3480 1228 3531 t.
1245 3474 1294 3530 111

164 3574 189 3624 p.
202 3562 244 3621 47,
265 3555 312 3608 sed
332 3555 417 3609 etiam
435 3553 601 3607 llitsehclins
621 3554 650 3606 in
666 3553 765 3622 Opnsc.
785 3554 853 3622 pbil.
873 3553 910 3608 lll
931 3573 957 3624 p.
972 3562 1033 3625 313,
1053 3559 1102 3612 nbi
1124 3562 1234 3615 servato
1250 3577 1297 3613 eom

163 3635 268 3688 delevit
286 3635 339 3688 Ab.

235 3718 261 3781 3)
282 3716 329 3767 ubi
349 3717 422 3768 intro
442 3731 492 3782 pro
514 3716 523 3765 i
541 3716 615 3767 r'alro
629 3715 763 3768 traditum
783 3720 833 3782 est,
853 3717 1035 3785 praemissum
1052 3721 1211 3777 inhiatum
1226 3741 1302 3777 remo·

162 3794 221 3858 vct3
247 3812 336 3861 noque
361 3798 435 3849 recte
455 3795 557 3861 aliquis
576 3795 679 3849 obiecit
698 3797 787 3849 solum
806 3799 818 3850 i
837 3799 920 3863 intro,
946 3813 1001 3851 non
1020 3805 1051 3852 tu
1073 3803 1083 3853 i
1103 3804 1182 3858 intro
1201 3823 1304 3876 respon·

163 3873 228 3925 dere
248 3873 322 3927 usui:
341 3893 405 3927 narn
426 3876 495 3928 illud
516 3873 570 3928 etsi
589 3875 752 3944 plerumque
772 3880 861 3944 extat,
881 3879 975 3931 tamen
994 3879 1049 3933 boe
1069 3880 1135 3937 loco
1155 3891 1188 3938 ta
1206 3889 1217 3939 ι’
1236 3887 1308 3942 unice

164 3969 259 4006 verum
280 3956 329 4020 est,
349 3955 479 4021 quoniam
494 3958 578 4009 antea
592 3957 629 4024 (v.
643 3961 700 4009 197.
721 3960 783 4023 200)
798 3957 964 4026 Astaphium
980 3959 1173 4019 Diniarebunr
1188 3966 1310 4023 introire

162 4032 290 4101 iusserat,
311 4034 366 4087 iarn
386 4037 417 4088 ut
437 4035 496 4104 ipsa
515 4036 607 4104 polius
626 4037 748 4091 introeat
767 4038 877 4107 flagitat
895 4040 1013 4093 amator.

233 4121 259 4180 4)
282 4112 390 4168 ‘licitu’
417 4135 442 4184 p.
466 4122 527 4169 138:
552 4121 680 4173 ‹urortisti
705 4153 736 4159 —
760 4120 841 4174 saluo
865 4121 904 4171 sis
922 4120 963 4185 A,
989 4126 1152 4180 unortr'str's
1182 4160 1214 4169 -
1241 4132 1315 4185 saluo

162 4193 328 4248 111111ίῖ1),
367 4195 441 4249 ldem
464 4196 599 4265 Bergkius
618 4200 692 4268 quod
711 4219 737 4269 p.
758 4206 792 4253 95
817 4198 954 4268 cogitavit
973 4201 1008 4254 de
1032 4203 1085 4259 lroc
1109 4223 1148 4261 ex
1169 4228 1196 4264 v.
1217 4218 1268 4267 687
1292 4212 1316 4265 in

162 4288 186 4323 v.
208 4277 259 4324 688
280 4276 480 4342 transferendo
500 4283 575 4333 recte
595 4280 691 4333 statim
711 4280 816 4335 reiecit.

233 4353 261 4415 ὁ)
282 4352 372 4408 ‘stud
392 4357 495 4411 Plaut'
517 4378 542 4427 p.
563 4366 605 4415 30.

233 4431 259 4499 6)
282 4431 373 4488 ‘Auel
393 4436 496 4491 Plaut'
517 4458 544 4509 p.
560 4447 601 4495 ol.
623 4446 664 4495 62.
