2934 5048
253 315 330 369 nxu
723 311 929 366 PRAEFATIO

341 492 389 558 Ao
418 493 555 577 primum
584 514 650 555 uon
679 493 816 575 possunt
843 494 928 555 recta
952 492 1123 575 procedere
1146 492 1234 557 credi
1257 491 1403 559 Charmi-

253 611 302 674 dis
329 613 362 674 et
389 607 615 693 Sycophantac
642 606 677 671 hi
705 628 883 690 sermones,
910 608 1021 690 quales
1049 631 1068 672 a
1096 631 1124 672 v.
1147 609 1211 674 871
1236 609 1337 695 vulgo
1360 610 1403 674 le-

192 708 195 714 ¹
253 729 388 812 guntur:

302 839 362 906 Cu.
386 838 478 923 Quid,
497 837 695 920 ailuleseens,
713 838 862 921 quaeris?
886 838 963 921 quid
982 838 1054 902 uis?
1077 839 1154 923 quid
1173 839 1254 905 istos
1272 842 1405 926 pultes?

892 951 947 1018 SY.
969 954 1063 1038 heus,
1086 976 1196 1039 senex,

388 1045 512 1135 consus
535 1093 632 1153 quom
657 1092 741 1152 sum,
764 1070 897 1135 iuratori
921 1073 1007 1134 recte
1030 1069 1189 1162 rationem
1213 1070 1297 1135 dedi.

388 1185 601 1250 Lesbonicum
615 1184 692 1248 liinc
711 1184 948 1249 adulescentem
967 1208 1086 1270 quaero
1100 1186 1135 1250 in
1148 1186 1200 1251 his
1214 1187 1406 1272 regionibus

387 1301 451 1365 Vbi
476 1300 615 1384 habitet,
637 1303 670 1363 et
693 1300 769 1364 item
794 1302 931 1365 alterum
954 1301 995 1365 ad
1019 1301 1124 1365 istanc
1147 1301 1264 1386 capitis
1287 1303 1405 1367 albitu-

894 1417 1015 1500 dinem,

406 1532 552 1596 hrlliolmu
576 1554 670 1614 quem
695 1531 784 1595 aibat
806 1531 929 1615 uocari,
957 1532 1011 1616 qui
1039 1531 1098 1595 has
1122 1531 1201 1596 mihi
1226 1533 1318 1598 dedit
1339 1535 1405 1620 epi·

892 1648 1004 1713 stolas.

256 1763 324 1827 Nee
348 1763 433 1827 enim
458 1764 659 1847 sycophanta
682 1766 790 1846 potest
808 1785 828 1825 a
846 1785 972 1826 simmia
990 1763 1180 1828 adversandi
1200 1766 1405 1830 coutumacia

255 1878 295 1942 ad
325 1877 598 1961 promptissimam
627 1877 843 1961 respondendi
870 1878 1058 1942 facilitatem
1086 1878 1155 1943 sino
1184 1880 1251 1945 ullo
1275 1881 1406 1947 vinculo

255 1994 401 2058 transire.
428 1992 517 2077 Ergo
545 1992 662 2057 excidit
685 1993 805 2076 aliquid
828 1997 903 2077 post
928 1994 1079 2058 rationem
1100 1995 1177 2058 dccli.
1201 1994 1406 2081 Quamquam

256 2132 323 2174 non
345 2109 398 2172 hic
421 2109 575 2173 excidisse
598 2109 706 2194 credo,
735 2108 791 2173 sed
814 2130 852 2172 eo
875 2108 910 2172 in
933 2109 1019 2192 loco,
1041 2109 1076 2172 in
1099 2132 1162 2193 quo
1185 2110 1275 2176 hunc
1299 2112 1404 2197 ipsum

256 2247 383 2289 versum
411 2247 431 2287 a
459 2228 554 2307 poeta
581 2225 784 2288 conlocatum
812 2246 881 2287 esse
909 2223 1056 2287 arbitror.
1083 2222 1168 2288 Nam
1196 2248 1272 2290 cum
1295 2228 1406 2313 paucis

257 2344 331 2425 post
353 2340 497 2404 versibus
520 2337 616 2425 (sis)
640 2324 873 2424 sycophantam
896 2336 1084 2403 Charmides
1107 2340 1153 2404 sic
1176 2341 1384 2426 adloquatur:

391 2455 472 2531 Quid
492 2477 547 2520 eos
567 2455 716 2538 quaeris?
739 2457 796 2519 aut
814 2455 886 2538 quis
904 2454 961 2518 es‘?
984 2457 1041 2519 aut
1059 2456 1144 2521 unde
1163 2457 1220 2520 es‘?
1243 2460 1303 2522 aut
1320 2458 1405 2523 unde

896 2569 1052 2634 aduenis?

258 2689 350 2752 facile
368 2688 571 2771 perspicitur
598 2686 649 2749 his
677 2687 805 2769 quidem
834 2685 938 2749 verbis
966 2687 1068 2750 multo
1097 2687 1204 2770 aptius
1232 2688 1313 2752 illud
1337 2712 1405 2753 esse

258 2826 449 2886 responsum
473 2802 691 2885 sycophantae
715 2802 829 2866 (husus
851 2823 943 2882 quom
965 2822 1034 2865 sum
1057 2823 1083 2865 e.
1107 2825 1136 2885 q.
1156 2826 1193 2866 s:
1217 2804 1298 2868 talia
1320 2805 1405 2868 euim

258 2941 292 2982 rc
312 2940 387 2981 vera
416 2918 639 2981 sciscitabatur
667 2940 794 3000 censor,
817 2917 907 2980 cuius
939 2916 992 2979 hic
1024 2916 1232 2982 administros
1255 2920 1407 2984 iuratores

259 3033 319 3096 dici
348 3031 568 3095 Mommsenus
596 3034 722 3096 monuit
749 3033 788 3096 de
815 3032 888 3096 trib.
916 3031 1008 3095 Rom.
1032 3055 1062 3115 p.
1085 3033 1141 3096 21:
1173 3037 1289 3099 contra
1311 3058 1406 3119 quoe·

259 3152 382 3211 rentem
415 3150 448 3210 et
479 3147 564 3210 fores
598 3148 777 3229 pultantem
806 3146 892 3231 quod
925 3169 1035 3229 senex,
1068 3147 1144 3230 quid
1172 3154 1345 3230 quaereret-
1375 3156 1406 3213 et

259 3263 413 3345 pultaret,
441 3263 675 3346 interrogabat,
703 3286 770 3327 non
798 3262 904 3345 potuit
931 3262 997 3325 ulio
1025 3261 1120 3326 modo
1149 3263 1294 3327 insolens
1317 3288 1406 3348 syco-

260 3377 401 3460 phantae
434 3377 542 3441 videri.
572 3377 680 3460 Ycrha
708 3384 819 3442 nostra
851 3380 888 3441 ut
919 3377 1088 3460 courpendi
1120 3378 1294 3461 faciamuS,
1326 3380 1406 3444 nihil

259 3494 309 3557 vel
333 3493 367 3556 in
395 3493 593 3557 continuatis
618 3517 645 3557 v.
666 3495 739 3558 871.
763 3495 827 3557 872
852 3490 963 3578 (Quid,
986 3493 1160 3557 assumeres
1241 3498 1276 3558 ct
1298 3495 1407 3560 [aaa

259 3612 364 3674 acicam
386 3609 457 3673 irinc
472 3607 529 3693 ...)
554 3609 762 3692 desiderabis,
785 3610 834 3672 vel
858 3609 893 3672 in
915 3608 973 3672 tali
1002 3608 1147 3691 exemplo
1171 3609 1406 3695 redintegrato·

260 3748 330 3788 rum
353 3747 503 3788 versuum
527 3725 589 3789 877
615 3746 694 3806 sqqs

314 3839 368 3904 SY.
391 3837 456 3903 Fac
484 3862 548 3922 me,
577 3839 602 3901 si
631 3840 706 3922 scis,
734 3841 915 3921 certiorem,
942 3840 1029 3903 hisce
1057 3839 1205 3904 homiues
1233 3842 1289 3906 ubi
1318 3843 1408 3908 habi·

897 3959 980 4038 tent,
1003 3959 1102 4039 pater.

309 4068 368 4133 Or.
392 4069 474 4144 Quid
494 4093 549 4135 eos
568 4071 716 4155 quaeris?
740 4075 797 4135 aut
815 4071 886 4154 quis
905 4070 961 4134 es?
985 4075 1042 4135 aut
1059 4071 1145 4134 unde
1164 4073 1221 4136 es?
1245 4079 1303 4139 aut
1324 4076 1408 4141 unde

898 4186 1053 4250 aduenis?

315 4296 369 4360 dr.
393 4297 515 4364 Census
539 4325 635 4384 quom
660 4326 744 4386 sum,
767 4303 901 4367 iuratori
925 4307 1010 4367 recte
1033 4302 1192 4367 rationem
1217 4304 1300 4370 dedi.
